% REF QCD
% Asympototic freedom
@article{Politzer:1973fx,
      author         = "Politzer, H. David",
      title          = "{Reliable Perturbative Results for Strong Interactions?}",
      journal        = "Phys. Rev. Lett.",
      volume         = "30",
      year           = "1973",
      pages          = "1346-1349",
      doi            = "10.1103/PhysRevLett.30.1346",
      note           = "[,274(1973)]",
      SLACcitation   = "%%CITATION = PRLTA,30,1346;%%"
}
@article{Gross:1973id,
      author         = "Gross, David J. and Wilczek, Frank",
      title          = "{Ultraviolet Behavior of Nonabelian Gauge Theories}",
      journal        = "Phys. Rev. Lett.",
      volume         = "30",
      year           = "1973",
      pages          = "1343-1346",
      doi            = "10.1103/PhysRevLett.30.1343",
      note           = "[,271(1973)]",
      SLACcitation   = "%%CITATION = PRLTA,30,1343;%%"
}

% pQCD
@article{RevModPhys.59.465,
  title = {Large-momentum-transfer production of direct photons, jets, and particles},
  author = {Owens, J. F.},
  journal = {Rev. Mod. Phys.},
  volume = {59},
  issue = {2},
  pages = {465--503},
  numpages = {0},
  year = {1987},
  month = {Apr},
  publisher = {American Physical Society},
  doi = {10.1103/RevModPhys.59.465},
  url = {https://link.aps.org/doi/10.1103/RevModPhys.59.465}
}

@article{Field:1989uq,
      author         = "Field, R. D.",
      title          = "{Applications of Perturbative QCD}",
      journal        = "Front. Phys.",
      volume         = "77",
      year           = "1989",
      pages          = "1-366",
      SLACcitation   = "%%CITATION = FRPHA,77,1;%%"
}

% DGLAP
@article{Gribov:1972ri,
      author         = "Gribov, V. N. and Lipatov, L. N.",
      title          = "{Deep inelastic e p scattering in perturbation theory}",
      journal        = "Sov. J. Nucl. Phys.",
      volume         = "15",
      year           = "1972",
      pages          = "438-450",
      note           = "[Yad. Fiz.15,781(1972)]",
      reportNumber   = "IPTI-381-71",
      SLACcitation   = "%%CITATION = SJNCA,15,438;%%"
}

@article{Altarelli:1977zs,
      author         = "Altarelli, Guido and Parisi, G.",
      title          = "{Asymptotic Freedom in Parton Language}",
      journal        = "Nucl. Phys.",
      volume         = "B126",
      year           = "1977",
      pages          = "298-318",
      doi            = "10.1016/0550-3213(77)90384-4",
      reportNumber   = "LPTENS-77-6",
      SLACcitation   = "%%CITATION = NUPHA,B126,298;%%"
}

@article{Dokshitzer:1977sg,
      author         = "Dokshitzer, Yuri L.",
      title          = "{Calculation of the Structure Functions for Deep
                        Inelastic Scattering and e+ e- Annihilation by
                        Perturbation Theory in Quantum Chromodynamics.}",
      journal        = "Sov. Phys. JETP",
      volume         = "46",
      year           = "1977",
      pages          = "641-653",
      note           = "[Zh. Eksp. Teor. Fiz.73,1216(1977)]",
      SLACcitation   = "%%CITATION = SPHJA,46,641;%%"
}

% REF-REVIEW
@article{Schafer:2009dj,
      author         = "Sch√§fer, Thomas and Teaney, Derek",
      title          = "{Nearly Perfect Fluidity: From Cold Atomic Gases to Hot
                        Quark Gluon Plasmas}",
      journal        = "Rept. Prog. Phys.",
      volume         = "72",
      year           = "2009",
      pages          = "126001",
      doi            = "10.1088/0034-4885/72/12/126001",
      eprint         = "0904.3107",
      archivePrefix  = "arXiv",
      primaryClass   = "hep-ph",
      SLACcitation   = "%%CITATION = ARXIV:0904.3107;%%"
}

% REF-Heavy quark, diffusion
@article{Moore:2004tg,
      author         = "Moore, Guy D. and Teaney, Derek",
      title          = "{How much do heavy quarks thermalize in a heavy ion
                        collision?}",
      journal        = "Phys. Rev.",
      volume         = "C71",
      year           = "2005",
      pages          = "064904",
      doi            = "10.1103/PhysRevC.71.064904",
      eprint         = "hep-ph/0412346",
      archivePrefix  = "arXiv",
      primaryClass   = "hep-ph",
      SLACcitation   = "%%CITATION = HEP-PH/0412346;%%"
}
% Charm quark diffusion 1988
@article{PhysRevD.37.2484,
  title = {Diffusion of charmed quarks in the quark-gluon plasma},
  author = {Svetitsky, Benjamin},
  journal = {Phys. Rev. D},
  volume = {37},
  issue = {9},
  pages = {2484--2491},
  numpages = {0},
  year = {1988},
  month = {May},
  publisher = {American Physical Society},
  doi = {10.1103/PhysRevD.37.2484},
  url = {https://link.aps.org/doi/10.1103/PhysRevD.37.2484}
}

% Dead cone filled by soft radiation
@article{Armesto:2003jh,
      author         = "Armesto, Nestor and Salgado, Carlos A. and Wiedemann, Urs
                        Achim",
      title          = "{Medium induced gluon radiation off massive quarks fills
                        the dead cone}",
      journal        = "Phys. Rev.",
      volume         = "D69",
      year           = "2004",
      pages          = "114003",
      doi            = "10.1103/PhysRevD.69.114003",
      eprint         = "hep-ph/0312106",
      archivePrefix  = "arXiv",
      primaryClass   = "hep-ph",
      reportNumber   = "CERN-TH-2003-301",
      SLACcitation   = "%%CITATION = HEP-PH/0312106;%%"
}

% Langevin
@article{He:2013zua,
      author         = "He, Min and van Hees, Hendrik and Gossiaux, Pol B. and
                        Fries, Rainer J. and Rapp, Ralf",
      title          = "{Relativistic Langevin Dynamics in Expanding Media}",
      journal        = "Phys. Rev.",
      volume         = "E88",
      year           = "2013",
      pages          = "032138",
      doi            = "10.1103/PhysRevE.88.032138",
      eprint         = "1305.1425",
      archivePrefix  = "arXiv",
      primaryClass   = "nucl-th",
      SLACcitation   = "%%CITATION = ARXIV:1305.1425;%%"
}

% Shanshan improved Langevin
@article{Cao:2013ita,
      author         = "Cao, Shanshan and Qin, Guang-You and Bass, Steffen A.",
      title          = "{Heavy-quark dynamics and hadronization in
                        ultrarelativistic heavy-ion collisions: Collisional versus
                        radiative energy loss}",
      journal        = "Phys. Rev.",
      volume         = "C88",
      year           = "2013",
      pages          = "044907",
      doi            = "10.1103/PhysRevC.88.044907",
      eprint         = "1308.0617",
      archivePrefix  = "arXiv",
      primaryClass   = "nucl-th",
      SLACcitation   = "%%CITATION = ARXIV:1308.0617;%%"
}

@article{Cao:2015hia,
      author         = "Cao, Shanshan and Qin, Guang-You and Bass, Steffen A.",
      title          = "{Energy loss, hadronization and hadronic interactions of
                        heavy flavors in relativistic heavy-ion collisions}",
      journal        = "Phys. Rev.",
      volume         = "C92",
      year           = "2015",
      number         = "2",
      pages          = "024907",
      doi            = "10.1103/PhysRevC.92.024907",
      eprint         = "1505.01413",
      archivePrefix  = "arXiv",
      primaryClass   = "nucl-th",
      SLACcitation   = "%%CITATION = ARXIV:1505.01413;%%"
}

% REF-hadronic interaction

% pi-D, rho-D scattering
@article{Lin:2000jp,
      author         = "Lin, Zi-wei and Di, T. G. and Ko, C. M.",
      title          = "{Charm meson scattering cross-sections by pion and rho
                        meson}",
      journal        = "Nucl. Phys.",
      volume         = "A689",
      year           = "2001",
      pages          = "965-979",
      doi            = "10.1016/S0375-9474(00)00611-4",
      eprint         = "nucl-th/0006086",
      archivePrefix  = "arXiv",
      primaryClass   = "nucl-th",
      SLACcitation   = "%%CITATION = NUCL-TH/0006086;%%"
}

% REF- LBT 
% for Heavy
@article{Cao:2016gvr,
      author         = "Cao, Shanshan and Luo, Tan and Qin, Guang-You and Wang,
                        Xin-Nian",
      title          = "{Linearized Boltzmann transport model for jet propagation
                        in the quark-gluon plasma: Heavy quark evolution}",
      journal        = "Phys. Rev.",
      volume         = "C94",
      year           = "2016",
      number         = "1",
      pages          = "014909",
      doi            = "10.1103/PhysRevC.94.014909",
      eprint         = "1605.06447",
      archivePrefix  = "arXiv",
      primaryClass   = "nucl-th",
      SLACcitation   = "%%CITATION = ARXIV:1605.06447;%%"
}

% LBT for light and heavy
@article{Cao:2017hhk,
      author         = "Cao, Shanshan and Luo, Tan and Qin, Guang-You and Wang,
                        Xin-Nian",
      title          = "{Heavy and light flavor jet quenching at RHIC and LHC
                        energies}",
      journal        = "Phys. Lett.",
      volume         = "B777",
      year           = "2018",
      pages          = "255-259",
      doi            = "10.1016/j.physletb.2017.12.023",
      eprint         = "1703.00822",
      archivePrefix  = "arXiv",
      primaryClass   = "nucl-th",
      SLACcitation   = "%%CITATION = ARXIV:1703.00822;%%"
}

% Heavy quark hadronization: 
% recombination in p+p
@article{Mehen:2003rf,
      author         = "Mehen, Thomas",
      title          = "{Charm production asymmetries from heavy quark
                        recombination}",
      booktitle      = "{Intersections of particle and nuclear physics.
                        Proceedings, 8th Conference, CIPANP 2003, New York, USA,
                        May 19-24, 2003}",
      journal        = "AIP Conf. Proc.",
      volume         = "698",
      year           = "2004",
      number         = "1",
      pages          = "508-512",
      doi            = "10.1063/1.1664288",
      eprint         = "hep-ph/0306178",
      archivePrefix  = "arXiv",
      primaryClass   = "hep-ph",
      SLACcitation   = "%%CITATION = HEP-PH/0306178;%%"
}

% Tsinghua recombination
@article{Zhao:2018jlw,
      author         = "Zhao, Jiaxing and Shi, Shuzhe and Xu, Nu and Zhuang,
                        Pengfei",
      title          = "{Sequential Coalescence with Charm Conservation in High
                        Energy Nuclear Collisions}",
      year           = "2018",
      eprint         = "1805.10858",
      archivePrefix  = "arXiv",
      primaryClass   = "hep-ph",
      SLACcitation   = "%%CITATION = ARXIV:1805.10858;%%"
}

@article{PhysRevD.88.014021,
  title = {Flavor dependence of meson melting temperature in relativistic potential model},
  author = {Shi, Shuzhe and Guo, Xingyu and Zhuang, Pengfei},
  journal = {Phys. Rev. D},
  volume = {88},
  issue = {1},
  pages = {014021},
  numpages = {5},
  year = {2013},
  month = {Jul},
  publisher = {American Physical Society},
  doi = {10.1103/PhysRevD.88.014021},
  url = {https://link.aps.org/doi/10.1103/PhysRevD.88.014021}
}



% sudden recombination
@article{Oh:2009zj,
      author         = "Oh, Yongseok and Ko, Che Ming and Lee, Su Houng and
                        Yasui, Shigehiro",
      title          = "{Heavy baryon/meson ratios in relativistic heavy ion
                        collisions}",
      journal        = "Phys. Rev.",
      volume         = "C79",
      year           = "2009",
      pages          = "044905",
      doi            = "10.1103/PhysRevC.79.044905",
      eprint         = "0901.1382",
      archivePrefix  = "arXiv",
      primaryClass   = "nucl-th",
      SLACcitation   = "%%CITATION = ARXIV:0901.1382;%%"
}
% dynamical recombination
@article{He:2019vgs,
      author         = "He, Min and Rapp, Ralf",
      title          = "{Hadronization and Charm-Hadron Ratios in Heavy-Ion
                        Collisions}",
      year           = "2019",
      eprint         = "1905.09216",
      archivePrefix  = "arXiv",
      primaryClass   = "nucl-th",
      SLACcitation   = "%%CITATION = ARXIV:1905.09216;%%"
}
% fragementation
% Peterson fragmentation function
@article{PhysRevD.27.105,
  title = {Scaling violations in inclusive $e^+e^-$ annihilation spectra},
  author = {Peterson, C. and Schlatter, D. and Schmitt, I. and Zerwas, P. M.},
  journal = {Phys. Rev. D},
  volume = {27},
  issue = {1},
  pages = {105--111},
  numpages = {0},
  year = {1983},
  month = {Jan},
  publisher = {American Physical Society},
  doi = {10.1103/PhysRevD.27.105},
  url = {https://link.aps.org/doi/10.1103/PhysRevD.27.105}
}

% 2015 Long range plan of nuclear physics
@article{Geesaman:2015fha,
      author         = "Aprahamian, Ani and others",
      title          = "{Reaching for the horizon: The 2015 long range plan for
                        nuclear science}",
      year           = "2015",
      SLACcitation   = "%%CITATION = INSPIRE-1398831;%%"
}

% LIGO Neutron star merger
@article{TheLIGOScientific:2017qsa,
      author         = "Abbott, B. P. and others",
      title          = "{GW170817: Observation of Gravitational Waves from a
                        Binary Neutron Star Inspiral}",
      collaboration  = "LIGO Scientific, Virgo",
      journal        = "Phys. Rev. Lett.",
      volume         = "119",
      year           = "2017",
      number         = "16",
      pages          = "161101",
      doi            = "10.1103/PhysRevLett.119.161101",
      eprint         = "1710.05832",
      archivePrefix  = "arXiv",
      primaryClass   = "gr-qc",
      reportNumber   = "LIGO-P170817",
      SLACcitation   = "%%CITATION = ARXIV:1710.05832;%%"
}

% effective models on QCD phase-diagram
@article{Fukushima:2010bq,
      author         = "Fukushima, Kenji and Hatsuda, Tetsuo",
      title          = "{The phase diagram of dense QCD}",
      journal        = "Rept. Prog. Phys.",
      volume         = "74",
      year           = "2011",
      pages          = "014001",
      doi            = "10.1088/0034-4885/74/1/014001",
      eprint         = "1005.4814",
      archivePrefix  = "arXiv",
      primaryClass   = "hep-ph",
      reportNumber   = "YITP-10-28, TKYNT-10-06",
      SLACcitation   = "%%CITATION = ARXIV:1005.4814;%%"
}

% lattice freezeout
@article{PhysRevLett.109.192302,
  title = {Freeze-Out Conditions in Heavy Ion Collisions from QCD Thermodynamics},
  author = {Bazavov, A. and Ding, H.-T. and Hegde, P. and Kaczmarek, O. and Karsch, F. and Laermann, E. and Mukherjee, Swagato and Petreczky, P. and Schmidt, C. and Smith, D. and Soeldner, W. and Wagner, M.},
  journal = {Phys. Rev. Lett.},
  volume = {109},
  issue = {19},
  pages = {192302},
  numpages = {5},
  year = {2012},
  month = {Nov},
  publisher = {American Physical Society},
  doi = {10.1103/PhysRevLett.109.192302},
  url = {https://link.aps.org/doi/10.1103/PhysRevLett.109.192302}
}


% lattice charm diffusion
@article{Ding:2012sp,
      author         = "Ding, H. T. and Francis, A. and Kaczmarek, O. and Karsch,
                        F. and Satz, H. and Soeldner, W.",
      title          = "{Charmonium properties in hot quenched lattice QCD}",
      journal        = "Phys. Rev.",
      volume         = "D86",
      year           = "2012",
      pages          = "014509",
      doi            = "10.1103/PhysRevD.86.014509",
      eprint         = "1204.4945",
      archivePrefix  = "arXiv",
      primaryClass   = "hep-lat",
      reportNumber   = "BI-TP-2012-13",
      SLACcitation   = "%%CITATION = ARXIV:1204.4945;%%"
}
% lattice heavy quark diffusion 
@article{Banerjee:2011ra,
      author         = "Banerjee, Debasish and Datta, Saumen and Gavai, Rajiv and
                        Majumdar, Pushan",
      title          = "{Heavy Quark Momentum Diffusion Coefficient from Lattice
                        QCD}",
      journal        = "Phys. Rev.",
      volume         = "D85",
      year           = "2012",
      pages          = "014510",
      doi            = "10.1103/PhysRevD.85.014510",
      eprint         = "1109.5738",
      archivePrefix  = "arXiv",
      primaryClass   = "hep-lat",
      reportNumber   = "TIFR-TH-11-41",
      SLACcitation   = "%%CITATION = ARXIV:1109.5738;%%"
}
% Another lattice transport coefficient
@article{Francis:2015daa,
      author         = "Francis, A. and Kaczmarek, O. and Laine, M. and Neuhaus,
                        T. and Ohno, H.",
      title          = "{Nonperturbative estimate of the heavy quark momentum
                        diffusion coefficient}",
      journal        = "Phys. Rev.",
      volume         = "D92",
      year           = "2015",
      number         = "11",
      pages          = "116003",
      doi            = "10.1103/PhysRevD.92.116003",
      eprint         = "1508.04543",
      archivePrefix  = "arXiv",
      primaryClass   = "hep-lat",
      reportNumber   = "BI-TP-2015-11, HIP-2015-28-TH",
      SLACcitation   = "%%CITATION = ARXIV:1508.04543;%%"
}

% Tianyu, Teqila reformulation, LO
@article{Dai:2019hbi,
      author         = "Dai, Tianyu and Bass, Steffen A. and Paquet,
                        Jean-Fran√ßois and Teaney, Derek",
      title          = "{Parton energy loss in the reformulated weakly-coupled
                        kinetic approach}",
      booktitle      = "{Proceedings, 9th International Conference on Hard and
                        Electromagnetic Probes of High-Energy Nuclear Collisions:
                        Hard Probes 2018 (HP2018): Aix-Les-Bains, France, October
                        1-5, 2018}",
      journal        = "PoS",
      volume         = "HardProbes2018",
      year           = "2019",
      pages          = "063",
      doi            = "10.22323/1.345.0063",
      eprint         = "1901.07022",
      archivePrefix  = "arXiv",
      primaryClass   = "nucl-th",
      SLACcitation   = "%%CITATION = ARXIV:1901.07022;%%"
}



% Scott Pratt Bayesian
@article{Novak:2013bqa,
      author         = "Novak, John and Novak, Kevin and Pratt, Scott and
                        Vredevoogd, Joshua and Coleman-Smith, Chris and Wolpert,
                        Robert",
      title          = "{Determining Fundamental Properties of Matter Created in
                        Ultrarelativistic Heavy-Ion Collisions}",
      journal        = "Phys. Rev.",
      volume         = "C89",
      year           = "2014",
      number         = "3",
      pages          = "034917",
      doi            = "10.1103/PhysRevC.89.034917",
      eprint         = "1303.5769",
      archivePrefix  = "arXiv",
      primaryClass   = "nucl-th",
      SLACcitation   = "%%CITATION = ARXIV:1303.5769;%%"
}
% Scott Pratt Bayesian EoS
@article{Pratt:2015zsa,
      author         = "Pratt, Scott and Sangaline, Evan and Sorensen, Paul and
                        Wang, Hui",
      title          = "{Constraining the Eq. of State of Super-Hadronic Matter
                        from Heavy-Ion Collisions}",
      journal        = "Phys. Rev. Lett.",
      volume         = "114",
      year           = "2015",
      pages          = "202301",
      doi            = "10.1103/PhysRevLett.114.202301",
      eprint         = "1501.04042",
      archivePrefix  = "arXiv",
      primaryClass   = "nucl-th",
      SLACcitation   = "%%CITATION = ARXIV:1501.04042;%%"
}

% Jonah Bayesian 2015
@article{Bernhard:2015hxa,
      author         = "Bernhard, Jonah E. and Marcy, Peter W. and Coleman-Smith,
                        Christopher E. and Huzurbazar, Snehalata and Wolpert,
                        Robert L. and Bass, Steffen A.",
      title          = "{Quantifying properties of hot and dense QCD matter
                        through systematic model-to-data comparison}",
      journal        = "Phys. Rev.",
      volume         = "C91",
      year           = "2015",
      number         = "5",
      pages          = "054910",
      doi            = "10.1103/PhysRevC.91.054910",
      eprint         = "1502.00339",
      archivePrefix  = "arXiv",
      primaryClass   = "nucl-th",
      SLACcitation   = "%%CITATION = ARXIV:1502.00339;%%"
}


% Jonah Bayesian 2016
@article{Bernhard:2016tnd,
      author         = "Bernhard, Jonah E. and Moreland, J. Scott and Bass,
                        Steffen A. and Liu, Jia and Heinz, Ulrich",
      title          = "{Applying Bayesian parameter estimation to relativistic
                        heavy-ion collisions: simultaneous characterization of the
                        initial state and quark-gluon plasma medium}",
      journal        = "Phys. Rev.",
      volume         = "C94",
      year           = "2016",
      number         = "2",
      pages          = "024907",
      doi            = "10.1103/PhysRevC.94.024907",
      eprint         = "1605.03954",
      archivePrefix  = "arXiv",
      primaryClass   = "nucl-th",
      SLACcitation   = "%%CITATION = ARXIV:1605.03954;%%"
}

% Yingru Bayesian Heavy quark
@article{Xu:2017obm,
      author         = "Xu, Yingru and Bernhard, Jonah E. and Bass, Steffen A.
                        and Nahrgang, Marlene and Cao, Shanshan",
      title          = "{Data-driven analysis for the temperature and momentum
                        dependence of the heavy-quark diffusion coefficient in
                        relativistic heavy-ion collisions}",
      journal        = "Phys. Rev.",
      volume         = "C97",
      year           = "2018",
      number         = "1",
      pages          = "014907",
      doi            = "10.1103/PhysRevC.97.014907",
      eprint         = "1710.00807",
      archivePrefix  = "arXiv",
      primaryClass   = "nucl-th",
      SLACcitation   = "%%CITATION = ARXIV:1710.00807;%%"
}




% Jussi Bayesian BES
@article{Auvinen:2017fjw,
      author         = "Auvinen, Jussi and Karpenko, Iurii and Bernhard, Jonah E.
                        and Bass, Steffen A.",
      title          = "{Investigating the collision energy dependence of
                        $\eta$/s in RHIC beam energy scan using Bayesian
                        statistics}",
      journal        = "Phys. Rev.",
      volume         = "C97",
      year           = "2018",
      number         = "4",
      pages          = "044905",
      doi            = "10.1103/PhysRevC.97.044905",
      eprint         = "1706.03666",
      archivePrefix  = "arXiv",
      primaryClass   = "hep-ph",
      SLACcitation   = "%%CITATION = ARXIV:1706.03666;%%"
}




% Quantum treatement of LPM in QED and QCD
@article{Zakharov:1996fv,
      author         = "Zakharov, B. G.",
      title          = "{Fully quantum treatment of the Landau-Pomeranchuk-Migdal
                        effect in QED and QCD}",
      journal        = "JETP Lett.",
      volume         = "63",
      year           = "1996",
      pages          = "952-957",
      doi            = "10.1134/1.567126",
      eprint         = "hep-ph/9607440",
      archivePrefix  = "arXiv",
      primaryClass   = "hep-ph",
      SLACcitation   = "%%CITATION = HEP-PH/9607440;%%"
}

% finite medium
@article{Zakharov:1997uu,
      author         = "Zakharov, B. G.",
      title          = "{Radiative energy loss of high-energy quarks in finite
                        size nuclear matter and quark - gluon plasma}",
      journal        = "JETP Lett.",
      volume         = "65",
      year           = "1997",
      pages          = "615-620",
      doi            = "10.1134/1.567389",
      eprint         = "hep-ph/9704255",
      archivePrefix  = "arXiv",
      primaryClass   = "hep-ph",
      reportNumber   = "LPTHE-ORSAY-97-09",
      SLACcitation   = "%%CITATION = HEP-PH/9704255;%%"
}

% CUJET
@article{Shi:2018vys,
      author         = "Shi, Shuzhe and Liao, Jinfeng and Gyulassy, Miklos",
      title          = "{Global constraints from RHIC and LHC on transport
                        properties of QCD fluids in CUJET/CIBJET framework}",
      journal        = "Chin. Phys.",
      volume         = "C43",
      year           = "2019",
      number         = "4",
      pages          = "044101",
      doi            = "10.1088/1674-1137/43/4/044101",
      eprint         = "1808.05461",
      archivePrefix  = "arXiv",
      primaryClass   = "hep-ph",
      SLACcitation   = "%%CITATION = ARXIV:1808.05461;%%"
}


% Jet review-1
@article{Gyulassy:2003mc,
      author         = "Gyulassy, Miklos and Vitev, Ivan and Wang, Xin-Nian and
                        Zhang, Ben-Wei",
      title          = "{Jet quenching and radiative energy loss in dense nuclear
                        matter}",
      year           = "2003",
      pages          = "123-191",
      doi            = "10.1142/9789812795533_0003",
      eprint         = "nucl-th/0302077",
      archivePrefix  = "arXiv",
      primaryClass   = "nucl-th",
      SLACcitation   = "%%CITATION = NUCL-TH/0302077;%%"
}

% Jet review-2
@article{Kovner:2003zj,
      author         = "Kovner, Alexander and Wiedemann, Urs Achim",
      title          = "{Gluon radiation and parton energy loss}",
      year           = "2003",
      pages          = "192-248",
      doi            = "10.1142/9789812795533_0004",
      eprint         = "hep-ph/0304151",
      archivePrefix  = "arXiv",
      primaryClass   = "hep-ph",
      SLACcitation   = "%%CITATION = HEP-PH/0304151;%%"
}

% Jet review-3
@article{CasalderreySolana:2007pr,
      author         = "Casalderrey-Solana, Jorge and Salgado, Carlos A.",
      title          = "{Introductory lectures on jet quenching in heavy ion
                        collisions}",
      booktitle      = "{Theoretical physics. Proceedings, 47th Cracow School,
                        Zakopane, Poland, June 14-22, 2007}",
      journal        = "Acta Phys. Polon.",
      volume         = "B38",
      year           = "2007",
      pages          = "3731-3794",
      eprint         = "0712.3443",
      archivePrefix  = "arXiv",
      primaryClass   = "hep-ph",
      reportNumber   = "ROMA-1-1463-2007",
      SLACcitation   = "%%CITATION = ARXIV:0712.3443;%%"
}

% Jet-review-4
@article{Majumder:2010qh,
      author         = "Majumder, A. and Van Leeuwen, M.",
      title          = "{The Theory and Phenomenology of Perturbative QCD Based
                        Jet Quenching}",
      journal        = "Prog. Part. Nucl. Phys.",
      volume         = "66",
      year           = "2011",
      pages          = "41-92",
      doi            = "10.1016/j.ppnp.2010.09.001",
      eprint         = "1002.2206",
      archivePrefix  = "arXiv",
      primaryClass   = "hep-ph",
      SLACcitation   = "%%CITATION = ARXIV:1002.2206;%%"
}




% Compare theory in a brick
@article{Armesto:2011ht,
      author         = "Armesto, Nestor and others",
      title          = "{Comparison of Jet Quenching Formalisms for a Quark-Gluon
                        Plasma 'Brick'}",
      journal        = "Phys. Rev.",
      volume         = "C86",
      year           = "2012",
      pages          = "064904",
      doi            = "10.1103/PhysRevC.86.064904",
      eprint         = "1106.1106",
      archivePrefix  = "arXiv",
      primaryClass   = "hep-ph",
      SLACcitation   = "%%CITATION = ARXIV:1106.1106;%%"
}

% Compare theory in medium
@article{Bass:2008rv,
      author         = "Bass, Steffen A. and Gale, Charles and Majumder, Abhijit
                        and Nonaka, Chiho and Qin, Guang-You and Renk, Thorsten
                        and Ruppert, Jorg",
      title          = "{Systematic Comparison of Jet Energy-Loss Schemes in a
                        realistic hydrodynamic medium}",
      journal        = "Phys. Rev.",
      volume         = "C79",
      year           = "2009",
      pages          = "024901",
      doi            = "10.1103/PhysRevC.79.024901",
      eprint         = "0808.0908",
      archivePrefix  = "arXiv",
      primaryClass   = "nucl-th",
      SLACcitation   = "%%CITATION = ARXIV:0808.0908;%%"
}

% Coleman LPM
@article{ColemanSmith:2012vr,
      author         = "Coleman-Smith, Christopher E and Muller, Berndt",
      title          = "{Results of a systematic study of dijet suppression
                        measured at the BNL Relativistic Heavy Ion Collider}",
      journal        = "Phys. Rev.",
      volume         = "C86",
      year           = "2012",
      pages          = "054901",
      doi            = "10.1103/PhysRevC.86.054901",
      eprint         = "1205.6781",
      archivePrefix  = "arXiv",
      primaryClass   = "hep-ph",
      SLACcitation   = "%%CITATION = ARXIV:1205.6781;%%"
}
% Heavy quark Ralf Rapp
@inproceedings{Rapp:2009my,
      author         = "Rapp, Ralf and van Hees, Hendrik",
      title          = "{Heavy Quarks in the Quark-Gluon Plasma}",
      booktitle      = "{Quark-gluon plasma 4}",
      year           = "2010",
      url            = "https://inspirehep.net/record/814832/files/arXiv:0903.1096.pdf",
      pages          = "111-206",
      doi            = "10.1142/9789814293297_0003",
      eprint         = "0903.1096",
      archivePrefix  = "arXiv",
      primaryClass   = "hep-ph",
      SLACcitation   = "%%CITATION = ARXIV:0903.1096;%%"
}

% Monster paper for many heavy quark models
@article{Rapp:2018qla,
      author         = "Beraudo, A. and others",
      editor         = "Rapp, R. and Gossiaux, P. B. and Andronic, A. and
                        Averbeck, R. and Masciocchi, S.",
      title          = "{Extraction of Heavy-Flavor Transport Coefficients in QCD
                        Matter}",
      journal        = "Nucl. Phys.",
      volume         = "A979",
      year           = "2018",
      pages          = "21-86",
      doi            = "10.1016/j.nuclphysa.2018.09.002",
      eprint         = "1803.03824",
      archivePrefix  = "arXiv",
      primaryClass   = "nucl-th",
      SLACcitation   = "%%CITATION = ARXIV:1803.03824;%%"
}

@article{PhysRevC.99.014902,
  title = {Resolving discrepancies in the estimation of heavy quark transport coefficients in relativistic heavy-ion collisions},
  author = {Xu, Yingru and Bass, Steffen A. and Moreau, Pierre and Song, Taesoo and Nahrgang, Marlene and Bratkovskaya, Elena and Gossiaux, Pol and Aichelin, Jorg and Cao, Shanshan and Greco, Vincenzo and Coci, Gabriele and Werner, Klaus},
  journal = {Phys. Rev. C},
  volume = {99},
  issue = {1},
  pages = {014902},
  numpages = {15},
  year = {2019},
  month = {Jan},
  publisher = {American Physical Society},
  doi = {10.1103/PhysRevC.99.014902},
  url = {https://link.aps.org/doi/10.1103/PhysRevC.99.014902}
}

@article{Cao:2018ews,
      author         = "Cao, Shanshan and others",
      title          = "{Towards the determination of heavy-quark transport
                        coefficients in quark-gluon plasma}",
      year           = "2018",
      eprint         = "1809.07894",
      archivePrefix  = "arXiv",
      primaryClass   = "nucl-th",
      SLACcitation   = "%%CITATION = ARXIV:1809.07894;%%"
}


% Freestreaming
@article{Liu:2015nwa,
      author         = "Liu, Jia and Shen, Chun and Heinz, Ulrich",
      title          = "{Pre-equilibrium evolution effects on heavy-ion collision
                        observables}",
      journal        = "Phys. Rev.",
      volume         = "C91",
      year           = "2015",
      number         = "6",
      pages          = "064906",
      doi            = "10.1103/PhysRevC.92.049904, 10.1103/PhysRevC.91.064906",
      note           = "[Erratum: Phys. Rev.C92,no.4,049904(2015)]",
      eprint         = "1504.02160",
      archivePrefix  = "arXiv",
      primaryClass   = "nucl-th",
      SLACcitation   = "%%CITATION = ARXIV:1504.02160;%%"
}


% AMPT preequilibrium
@article{PhysRevC.97.034915,
  title = {Effects of initial-state dynamics on collective flow within a coupled transport and viscous hydrodynamic approach},
  author = {Chattopadhyay, Chandrodoy and Bhalerao, Rajeev S. and Ollitrault, Jean-Yves and Pal, Subrata},
  journal = {Phys. Rev. C},
  volume = {97},
  issue = {3},
  pages = {034915},
  numpages = {10},
  year = {2018},
  month = {Mar},
  publisher = {American Physical Society},
  doi = {10.1103/PhysRevC.97.034915},
  url = {https://link.aps.org/doi/10.1103/PhysRevC.97.034915}
}


% Kinetic preequilium, mean field + linear response
@article{Kurkela:2018wud,
      author         = "Kurkela, Aleksi and Mazeliauskas, Aleksas and Paquet,
                        Jean-Fran√ßois and Schlichting, S√∂ren and Teaney, Derek",
      title          = "{Matching the Nonequilibrium Initial Stage of Heavy Ion
                        Collisions to Hydrodynamics with QCD Kinetic Theory}",
      journal        = "Phys. Rev. Lett.",
      volume         = "122",
      year           = "2019",
      number         = "12",
      pages          = "122302",
      doi            = "10.1103/PhysRevLett.122.122302",
      eprint         = "1805.01604",
      archivePrefix  = "arXiv",
      primaryClass   = "hep-ph",
      SLACcitation   = "%%CITATION = ARXIV:1805.01604;%%"
}



% HotQCD EoS
@article{Bazavov:2014pvz,
      author         = "Bazavov, A. and others",
      title          = "{Equation of state in ( 2+1 )-flavor QCD}",
      collaboration  = "HotQCD",
      journal        = "Phys. Rev.",
      volume         = "D90",
      year           = "2014",
      pages          = "094503",
      doi            = "10.1103/PhysRevD.90.094503",
      eprint         = "1407.6387",
      archivePrefix  = "arXiv",
      primaryClass   = "hep-lat",
      reportNumber   = "BNL-105928-2014-JA",
      SLACcitation   = "%%CITATION = ARXIV:1407.6387;%%"
}
@article{Bazavov:2011nk,
      author         = "Bazavov, A. and others",
      title          = "{The chiral and deconfinement aspects of the QCD
                        transition}",
      journal        = "Phys. Rev.",
      volume         = "D85",
      year           = "2012",
      pages          = "054503",
      doi            = "10.1103/PhysRevD.85.054503",
      eprint         = "1111.1710",
      archivePrefix  = "arXiv",
      primaryClass   = "hep-lat",
      SLACcitation   = "%%CITATION = ARXIV:1111.1710;%%"
}

% finite mu lattice, analytic continuation
@article{Gunther:2016vcp,
      author         = "Guenther, J. N. and Bellwied, R. and Borsanyi, S. and
                        Fodor, Z. and Katz, S. D. and Pasztor, A. and Ratti, C.
                        and Szab√≥, K. K.",
      title          = "{The QCD equation of state at finite density from
                        analytical continuation}",
      booktitle      = "{Proceedings, 26th International Conference on
                        Ultra-relativistic Nucleus-Nucleus Collisions (Quark
                        Matter 2017): Chicago, Illinois, USA, February 5-11,
                        2017}",
      journal        = "Nucl. Phys.",
      volume         = "A967",
      year           = "2017",
      pages          = "720-723",
      doi            = "10.1016/j.nuclphysa.2017.05.044",
      eprint         = "1607.02493",
      archivePrefix  = "arXiv",
      primaryClass   = "hep-lat",
      SLACcitation   = "%%CITATION = ARXIV:1607.02493;%%"
}

% finite mu lattice, taylor expansion
@article{Bazavov:2017dus,
      author         = "Bazavov, A. and others",
      title          = "{The QCD Equation of State to $\mathcal{O}(\mu_B^6)$ from
                        Lattice QCD}",
      journal        = "Phys. Rev.",
      volume         = "D95",
      year           = "2017",
      number         = "5",
      pages          = "054504",
      doi            = "10.1103/PhysRevD.95.054504",
      eprint         = "1701.04325",
      archivePrefix  = "arXiv",
      primaryClass   = "hep-lat",
      SLACcitation   = "%%CITATION = ARXIV:1701.04325;%%"
}


% UrQMD
% A
@article{Bass:1998ca,
      author         = "Bass, S. A. and others",
      title          = "{Microscopic models for ultrarelativistic heavy ion
                        collisions}",
      journal        = "Prog. Part. Nucl. Phys.",
      volume         = "41",
      year           = "1998",
      pages          = "255-369",
      doi            = "10.1016/S0146-6410(98)00058-1",
      note           = "[Prog. Part. Nucl. Phys.41,225(1998)]",
      eprint         = "nucl-th/9803035",
      archivePrefix  = "arXiv",
      primaryClass   = "nucl-th",
      SLACcitation   = "%%CITATION = NUCL-TH/9803035;%%"
}
% B
@article{Bleicher:1999xi,
      author         = "Bleicher, M. and others",
      title          = "{Relativistic hadron hadron collisions in the
                        ultrarelativistic quantum molecular dynamics model}",
      journal        = "J. Phys.",
      volume         = "G25",
      year           = "1999",
      pages          = "1859-1896",
      doi            = "10.1088/0954-3899/25/9/308",
      eprint         = "hep-ph/9909407",
      archivePrefix  = "arXiv",
      primaryClass   = "hep-ph",
      SLACcitation   = "%%CITATION = HEP-PH/9909407;%%"
}

% nCTEQ15np nuclear PDF
@article{Kovarik:2015cma,
      author         = "Kovarik, K. and others",
      title          = "{nCTEQ15 - Global analysis of nuclear parton
                        distributions with uncertainties in the CTEQ framework}",
      journal        = "Phys. Rev.",
      volume         = "D93",
      year           = "2016",
      number         = "8",
      pages          = "085037",
      doi            = "10.1103/PhysRevD.93.085037",
      eprint         = "1509.00792",
      archivePrefix  = "arXiv",
      primaryClass   = "hep-ph",
      reportNumber   = "LPSC-15-153, MS-TP-15-11, FERMILAB-PUB-15-375-ND-PPD-T",
      SLACcitation   = "%%CITATION = ARXIV:1509.00792;%%"
}

% EPPS16 nuclear PDF
@article{Eskola:2016oht,
      author         = "Eskola, Kari J. and Paakkinen, Petja and Paukkunen, Hannu
                        and Salgado, Carlos A.",
      title          = "{EPPS16: Nuclear parton distributions with LHC data}",
      journal        = "Eur. Phys. J.",
      volume         = "C77",
      year           = "2017",
      number         = "3",
      pages          = "163",
      doi            = "10.1140/epjc/s10052-017-4725-9",
      eprint         = "1612.05741",
      archivePrefix  = "arXiv",
      primaryClass   = "hep-ph",
      SLACcitation   = "%%CITATION = ARXIV:1612.05741;%%"
}

% Parton cascade charm
@article{Srivastava:2017bcm,
      author         = "Srivastava, Dinesh K. and Bass, Steffen A. and
                        Chatterjee, Rupa",
      title          = "{Production of charm quarks in a parton cascade model for
                        relativistic heavy ion collisions at $\sqrt{s_{NN}}$= 200 GeV}",
      journal        = "Phys. Rev.",
      volume         = "C96",
      year           = "2017",
      number         = "6",
      pages          = "064906",
      doi            = "10.1103/PhysRevC.96.064906",
      eprint         = "1705.05542",
      archivePrefix  = "arXiv",
      primaryClass   = "nucl-th",
      SLACcitation   = "%%CITATION = ARXIV:1705.05542;%%"
}

% ALICE D-meosn v2 at 5.02 TeV
@article{Acharya:2017qps,
      author         = "Acharya, Shreyasi and others",
      title          = "{$D$-meson azimuthal anisotropy in midcentral Pb-Pb
                        collisions at $\mathbf{\sqrt{s_{NN}}=5.02}$ TeV}",
      collaboration  = "ALICE",
      journal        = "Phys. Rev. Lett.",
      volume         = "120",
      year           = "2018",
      number         = "10",
      pages          = "102301",
      doi            = "10.1103/PhysRevLett.120.102301",
      eprint         = "1707.01005",
      archivePrefix  = "arXiv",
      primaryClass   = "nucl-ex",
      reportNumber   = "CERN-EP-2017-153",
      SLACcitation   = "%%CITATION = ARXIV:1707.01005;%%"
}


% ALICE D-meson Raa at 5.02 TeV
@article{Acharya:2018hre,
      author         = "Acharya, Shreyasi and others",
      title          = "{Measurement of D$^0$, D$^+$, D$^{*+}$ and D$^+_{s}$
                        production in Pb-Pb collisions at $\mathbf{\sqrt{s_{NN}}}= 5.02$ TeV}",
      collaboration  = "ALICE",
      year           = "2018",
      eprint         = "1804.09083",
      archivePrefix  = "arXiv",
      primaryClass   = "nucl-ex",
      reportNumber   = "CERN-EP-2018-066, CERN-EP-2018-066",
      SLACcitation   = "%%CITATION = ARXIV:1804.09083;%%"
}
% ALICE D-meson v2EE at 5.02 TeV (Prelim)
@inproceedings{Grosa:2017zcz,
      author         = "Grosa, Fabrizio",
      title          = "{Measurement of the D-meson nuclear modification factor
                        and elliptic flow in Pb-Pb collisions at $\sqrt{s_{NN}}=5.02$ TeV with ALICE at the LHC}",
      booktitle      = "{17th International Conference on Strangeness in Quark
                        Matter (SQM 2017) Utrecht, the Netherlands, July 10-15,
                        2017}",
      collaboration  = "ALICE",
      url            = "https://inspirehep.net/record/1630956/files/arXiv:1710.05644.pdf",
      year           = "2017",
      doi            = "10.1051/epjconf/201817118007",
      eprint         = "1710.05644",
      archivePrefix  = "arXiv",
      primaryClass   = "nucl-ex",
      SLACcitation   = "%%CITATION = ARXIV:1710.05644;%%"
}
% CMS B-meson Raa 5.02 TeV
@article{Sirunyan:2017oug,
      author         = "Sirunyan, Albert M and others",
      title          = "{Measurement of the ${B}^{\pm}$ Meson Nuclear
                        Modification Factor in Pb-Pb Collisions at
                        $\sqrt{{s}_{NN}}=5.02$ TeV}",
      collaboration  = "CMS",
      journal        = "Phys. Rev. Lett.",
      volume         = "119",
      year           = "2017",
      number         = "15",
      pages          = "152301",
      doi            = "10.1103/PhysRevLett.119.152301",
      eprint         = "1705.04727",
      archivePrefix  = "arXiv",
      primaryClass   = "hep-ex",
      reportNumber   = "CMS-HIN-16-011, CERN-EP-2017-076",
      SLACcitation   = "%%CITATION = ARXIV:1705.04727;%%"
}
% CMS D-meson v2, v3 5.02 TeV
@article{Sirunyan:2017plt,
      author         = "Sirunyan, Albert M and others",
      title          = "{Measurement of prompt $D^0$ meson azimuthal anisotropy
                        in Pb-Pb collisions at $\sqrt{{s}_{NN}}$ = 5.02 TeV}",
      collaboration  = "CMS",
      journal        = "Phys. Rev. Lett.",
      volume         = "120",
      year           = "2018",
      number         = "20",
      pages          = "202301",
      doi            = "10.1103/PhysRevLett.120.202301",
      eprint         = "1708.03497",
      archivePrefix  = "arXiv",
      primaryClass   = "nucl-ex",
      reportNumber   = "CMS-HIN-16-007, CERN-EP-2017-174",
      SLACcitation   = "%%CITATION = ARXIV:1708.03497;%%"
}

% CMS D-meson Raa 5.02 TeV
@article{Sirunyan:2017xss,
      author         = "Sirunyan, Albert M and others",
      title          = "{Nuclear modification factor of D$^0$ mesons in PbPb
                        collisions at  $\sqrt{s_{NN}} = 5.02$ TeV}",
      collaboration  = "CMS",
      journal        = "Phys. Lett.",
      volume         = "B782",
      year           = "2018",
      pages          = "474-496",
      doi            = "10.1016/j.physletb.2018.05.074",
      eprint         = "1708.04962",
      archivePrefix  = "arXiv",
      primaryClass   = "nucl-ex",
      reportNumber   = "CMS-HIN-16-001, CERN-EP-2017-186",
      SLACcitation   = "%%CITATION = ARXIV:1708.04962;%%"
}

% CMS charged particle Raa 5.02
@article{Khachatryan:2016odn,
      author         = "Khachatryan, Vardan and others",
      title          = "{Charged-particle nuclear modification factors in PbPb
                        and pPb collisions at $\sqrt{s_{NN}}=5.02 $ TeV}",
      collaboration  = "CMS",
      journal        = "JHEP",
      volume         = "04",
      year           = "2017",
      pages          = "039",
      doi            = "10.1007/JHEP04(2017)039",
      eprint         = "1611.01664",
      archivePrefix  = "arXiv",
      primaryClass   = "nucl-ex",
      reportNumber   = "CMS-HIN-15-015, CERN-EP-2016-242",
      SLACcitation   = "%%CITATION = ARXIV:1611.01664;%%"
}


% CMS prompt and non-prompt J/Psi 2.76
@article{Khachatryan:2016ypw,
      author         = "Khachatryan, Vardan and others",
      title          = "{Suppression and azimuthal anisotropy of prompt and
                        nonprompt $J/\psi $ production in PbPb
                        collisions at $\sqrt{s_{NN}} =2.76$ TeV}",
      collaboration  = "CMS",
      journal        = "Eur. Phys. J.",
      volume         = "C77",
      year           = "2017",
      number         = "4",
      pages          = "252",
      doi            = "10.1140/epjc/s10052-017-4781-1",
      eprint         = "1610.00613",
      archivePrefix  = "arXiv",
      primaryClass   = "nucl-ex",
      reportNumber   = "CMS-HIN-14-005, CERN-EP-2016-243",
      SLACcitation   = "%%CITATION = ARXIV:1610.00613;%%"
}

% STAR D0 v2
@article{Adamczyk:2017xur,
      author         = "Adamczyk, L. and others",
      title          = "{Measurement of $D^0$ Azimuthal Anisotropy at Midrapidity
                        in Au+Au Collisions at $\sqrt{s_{NN}}$=200 GeV}",
      collaboration  = "STAR",
      journal        = "Phys. Rev. Lett.",
      volume         = "118",
      year           = "2017",
      number         = "21",
      pages          = "212301",
      doi            = "10.1103/PhysRevLett.118.212301",
      eprint         = "1701.06060",
      archivePrefix  = "arXiv",
      primaryClass   = "nucl-ex",
      SLACcitation   = "%%CITATION = ARXIV:1701.06060;%%"
}

% STAR D Raa proceeding
@article{Xie:2016iwq,
      author         = "Xie, Guannan",
      title          = "{Nuclear Modification Factor of $D^0$ Meson in
                        Au+Au Collisions at $\sqrt{s_{NN}}$=200 GeV}",
      booktitle      = "{Proceedings, 25th International Conference on
                        Ultra-Relativistic Nucleus-Nucleus Collisions (Quark
                        Matter 2015): Kobe, Japan, September 27-October 3, 2015}",
      collaboration  = "STAR",
      journal        = "Nucl. Phys.",
      volume         = "A956",
      year           = "2016",
      pages          = "473-476",
      doi            = "10.1016/j.nuclphysa.2016.01.046",
      eprint         = "1601.00695",
      archivePrefix  = "arXiv",
      primaryClass   = "nucl-ex",
      SLACcitation   = "%%CITATION = ARXIV:1601.00695;%%"
}
@article{Adam:2018inb,
      author         = "Adam, Jaroslav and others",
      title          = "{Centrality and transverse momentum dependence of $D^0$
                         meson production at mid-rapidity in Au+Au collisions
                        at $\sqrt{s_{NN}}$ = 200 GeV}",
      collaboration  = "STAR",
      journal        = "Phys. Rev.",
      volume         = "C99",
      year           = "2019",
      number         = "3",
      pages          = "034908",
      doi            = "10.1103/PhysRevC.99.034908",
      eprint         = "1812.10224",
      archivePrefix  = "arXiv",
      primaryClass   = "nucl-ex",
      SLACcitation   = "%%CITATION = ARXIV:1812.10224;%%"
}

% Migdal LPM effect
@article{PhysRev.103.1811,
  title = {Bremsstrahlung and Pair Production in Condensed Media at High Energies},
  author = {Migdal, A. B.},
  journal = {Phys. Rev.},
  volume = {103},
  issue = {6},
  pages = {1811--1820},
  numpages = {0},
  year = {1956},
  month = {Sep},
  publisher = {American Physical Society},
  doi = {10.1103/PhysRev.103.1811},
  url = {https://link.aps.org/doi/10.1103/PhysRev.103.1811}
}

% initial c and b parametric spectra
@article{Cao:2012jt,
      author         = "Cao, Shanshan and Qin, Guang-You and Bass, Steffen A.",
      title          = "{Model and parameter dependence of heavy quark energy
                        loss in a hot and dense medium}",
      journal        = "J. Phys.",
      volume         = "G40",
      year           = "2013",
      pages          = "085103",
      doi            = "10.1088/0954-3899/40/8/085103",
      eprint         = "1205.2396",
      archivePrefix  = "arXiv",
      primaryClass   = "nucl-th",
      SLACcitation   = "%%CITATION = ARXIV:1205.2396;%%"
}
% ALICE p+Pb Raa
@article{Abelev:2014hha,
      author         = "Abelev, Betty Bezverkhny and others",
      title          = "{Measurement of prompt $D$-meson production in $p-Pb$
                        collisions at $\sqrt{s_{NN}}$ = 5.02 TeV}",
      collaboration  = "ALICE",
      journal        = "Phys. Rev. Lett.",
      volume         = "113",
      year           = "2014",
      number         = "23",
      pages          = "232301",
      doi            = "10.1103/PhysRevLett.113.232301",
      eprint         = "1405.3452",
      archivePrefix  = "arXiv",
      primaryClass   = "nucl-ex",
      reportNumber   = "CERN-PH-EP-2014-090, CERN-PH-EP-2014-90,
                        ALICE-PUBLIC-2015-001",
      SLACcitation   = "%%CITATION = ARXIV:1405.3452;%%"
}
% WHDG
@article{Wicks:2007am,
      author         = "Wicks, Simon and Horowitz, William and Djordjevic,
                        Magdalena and Gyulassy, Miklos",
      title          = "{Heavy quark jet quenching with collisional plus
                        radiative energy loss and path length fluctuations}",
      booktitle      = "{Proceedings,  2nd International Conference on Hard and
                        Electromagnetic Probes of High-Energy Nuclear Collisions
                        (Hard Probes 2006): Asilomar, USA, June 9-16, 2006}",
      journal        = "Nucl. Phys.",
      volume         = "A783",
      year           = "2007",
      pages          = "493-496",
      doi            = "10.1016/j.nuclphysa.2006.11.102",
      eprint         = "nucl-th/0701063",
      archivePrefix  = "arXiv",
      primaryClass   = "nucl-th",
      SLACcitation   = "%%CITATION = NUCL-TH/0701063;%%"
}
% WDG
@article{Djordjevic:2004nq,
      author         = "Djordjevic, Magdalena and Gyulassy, Miklos and Wicks,
                        Simon",
      title          = "{The Charm and beauty of RHIC and LHC}",
      journal        = "Phys. Rev. Lett.",
      volume         = "94",
      year           = "2005",
      pages          = "112301",
      doi            = "10.1103/PhysRevLett.94.112301",
      eprint         = "hep-ph/0410372",
      archivePrefix  = "arXiv",
      primaryClass   = "hep-ph",
      SLACcitation   = "%%CITATION = HEP-PH/0410372;%%"
}
% Light Cone 
@article{Sharma:2009hn,
      author         = "Sharma, Rishi and Vitev, Ivan and Zhang, Ben-Wei",
      title          = "{Light-cone wave function approach to open heavy flavor
                        dynamics in QCD matter}",
      journal        = "Phys. Rev.",
      volume         = "C80",
      year           = "2009",
      pages          = "054902",
      doi            = "10.1103/PhysRevC.80.054902",
      eprint         = "0904.0032",
      archivePrefix  = "arXiv",
      primaryClass   = "hep-ph",
      SLACcitation   = "%%CITATION = ARXIV:0904.0032;%%"
}
% Marlene Nante
@article{Nahrgang:2013saa,
      author         = "Nahrgang, Marlene and Aichelin, Joerg and Gossiaux, Pol
                        Bernard and Werner, Klaus",
      title          = "{Azimuthal correlations of heavy quarks in Pb + Pb
                        collisions at $\sqrt{s}=2.76$ TeV at the CERN Large Hadron
                        Collider}",
      journal        = "Phys. Rev.",
      volume         = "C90",
      year           = "2014",
      number         = "2",
      pages          = "024907",
      doi            = "10.1103/PhysRevC.90.024907",
      eprint         = "1305.3823",
      archivePrefix  = "arXiv",
      primaryClass   = "hep-ph",
      SLACcitation   = "%%CITATION = ARXIV:1305.3823;%%"
}

% TAMU heavy quark in HRG
@article{He:2011yi,
      author         = "He, Min and Fries, Rainer J. and Rapp, Ralf",
      title          = "{Thermal Relaxation of Charm in Hadronic Matter}",
      journal        = "Phys. Lett.",
      volume         = "B701",
      year           = "2011",
      pages          = "445-450",
      doi            = "10.1016/j.physletb.2011.06.019",
      eprint         = "1103.6279",
      archivePrefix  = "arXiv",
      primaryClass   = "nucl-th",
      SLACcitation   = "%%CITATION = ARXIV:1103.6279;%%"
}

@article{SCARDINA2016329,
title = "Toward an understanding of the RAA and v2 puzzle for heavy quarks",
journal = "Nuclear and Particle Physics Proceedings",
volume = "276-278",
pages = "329 - 332",
year = "2016",
note = "7th International Conference on Hard and Electromagnetic Probes of High Energy Nuclear Collisions",
issn = "2405-6014",
doi = "https://doi.org/10.1016/j.nuclphysbps.2016.05.076",
url = "http://www.sciencedirect.com/science/article/pii/S2405601416301134",
author = "F. Scardina and S.K. Das and S. Plumari and J.I. Bellone and V. Greco",
}
% Nante, Pol
% A
@article{Gossiaux:2008jv,
      author         = "Gossiaux, P. B. and Aichelin, J.",
      title          = "{Towards an understanding of the RHIC single electron
                        data}",
      booktitle      = "{Proceedings, 20th International Conference on
                        Ultra-Relativistic Nucleus-Nucleus Collisions (QM 2008):
                        Jaipur, India, February 4-10, 2008}",
      journal        = "Phys. Rev.",
      volume         = "C78",
      year           = "2008",
      pages          = "014904",
      doi            = "10.1103/PhysRevC.78.014904",
      eprint         = "0802.2525",
      archivePrefix  = "arXiv",
      primaryClass   = "hep-ph",
      SLACcitation   = "%%CITATION = ARXIV:0802.2525;%%"
}
% B
@article{Gossiaux:2009qf,
      author         = "Gossiaux, Pol B. and Aichelin, Joerg",
      title          = "{Energy Loss of Heavy Quarks in a QGP with a Running
                        Coupling Constant Approach}",
      booktitle      = "{Proceedings, 21st International Conference on
                        Ultra-Relativistic nucleus nucleus collisions (Quark
                        matter 2009): Knoxville, USA, March 30-April 4, 2009}",
      journal        = "Nucl. Phys.",
      volume         = "A830",
      year           = "2009",
      pages          = "203C-206C",
      doi            = "10.1016/j.nuclphysa.2009.10.015",
      eprint         = "0907.4329",
      archivePrefix  = "arXiv",
      primaryClass   = "hep-ph",
      SLACcitation   = "%%CITATION = ARXIV:0907.4329;%%"
}

% OSG
% A
@article{Pordes:2007zzb,
      author         = "Pordes, Ruth and Kramer, Bill and Olson, Doug and Livny,
                        Miron and Roy, Alain and others",
      title          = "{The Open Science Grid}",
      journal        = "J.Phys.Conf.Ser.",
      volume         = "78",
      pages          = "012057",
      doi            = "10.1088/1742-6596/78/1/012057",
      year           = "2007",
      reportNumber   = "FERMILAB-CONF-07-217-CD",
      SLACcitation   = "%%CITATION = 00462,78,012057;%%",
}
% B
@article{Sfiligoi:2010zz,
      author         = "Sfiligoi, Igor and Bradley, Daniel C. and Holzman, Burt
                        and Mhashilkar, Parag and Padhi, Sanjay and others",
      title          = "{The pilot way to Grid resources using glideinWMS}",
      journal        = "WRI World Congress",
      volume         = "2",
      pages          = "428-432",
      doi            = "10.1109/CSIE.2009.950",
      year           = "2009",
      reportNumber   = "FERMILAB-CONF-09-373-CD",
      SLACcitation   = "%%CITATION = FERMILAB-CONF-09-373-CD ETC.;%%",
}




% Local Monte-Carlo LPM
@article{Zapp:2011ya,
      author         = "Zapp, Korinna Christine and Stachel, Johanna and
                        Wiedemann, Urs Achim",
      title          = "{A local Monte Carlo framework for coherent QCD parton
                        energy loss}",
      journal        = "JHEP",
      volume         = "07",
      year           = "2011",
      pages          = "118",
      doi            = "10.1007/JHEP07(2011)118",
      eprint         = "1103.6252",
      archivePrefix  = "arXiv",
      primaryClass   = "hep-ph",
      reportNumber   = "IPPP-11-16, DCPT-11-32, MCNET-11-11, CERN-PH-TH-2011-043",
      SLACcitation   = "%%CITATION = ARXIV:1103.6252;%%"
}

% Nante LPM
@article{Aichelin:2013mra,
      author         = "Aichelin, Joerg and Gossiaux, Pol Bernard and Gousset,
                        Thierry",
      title          = "{Gluon radiation by heavy quarks at intermediate
                        energies}",
      journal        = "Phys. Rev.",
      volume         = "D89",
      year           = "2014",
      number         = "7",
      pages          = "074018",
      doi            = "10.1103/PhysRevD.89.074018",
      eprint         = "1307.5270",
      archivePrefix  = "arXiv",
      primaryClass   = "hep-ph",
      SLACcitation   = "%%CITATION = ARXIV:1307.5270;%%"
}

@article{Gossiaux:2012cv,
      author         = "Gossiaux, Pol Bernard",
      title          = "{Recent results on heavy quark quenching in
                        ultrarelativistic heavy ion collisions: the impact of
                        coherent gluon radiation}",
      booktitle      = "{Proceedings, 5th International Conference on Hard and
                        Electromagnetic Probes of High-Energy Nuclear Collisions
                        (Hard Probes 2012): Cagliari, Italy, May 27-June 1, 2012}",
      journal        = "Nucl. Phys.",
      volume         = "A910-911",
      year           = "2013",
      pages          = "301-305",
      doi            = "10.1016/j.nuclphysa.2013.02.020",
      eprint         = "1209.0844",
      archivePrefix  = "arXiv",
      primaryClass   = "hep-ph",
      SLACcitation   = "%%CITATION = ARXIV:1209.0844;%%"
}

% P. Arnold, thin medium, leading log
@article{Arnold:2009mr,
      author         = "Arnold, Peter Brockway",
      title          = "{High-energy gluon bremsstrahlung in a finite medium:
                        harmonic oscillator versus single scattering
                        approximation}",
      journal        = "Phys. Rev.",
      volume         = "D80",
      year           = "2009",
      pages          = "025004",
      doi            = "10.1103/PhysRevD.80.025004",
      eprint         = "0903.1081",
      archivePrefix  = "arXiv",
      primaryClass   = "nucl-th",
      SLACcitation   = "%%CITATION = ARXIV:0903.1081;%%"
}




% Theory comparison
@article{CaronHuot:2010bp,
      author         = "Caron-Huot, Simon and Gale, Charles",
      title          = "{Finite-size effects on the radiative energy loss of a
                        fast parton in hot and dense strongly interacting matter}",
      journal        = "Phys. Rev.",
      volume         = "C82",
      year           = "2010",
      pages          = "064902",
      doi            = "10.1103/PhysRevC.82.064902",
      eprint         = "1006.2379",
      archivePrefix  = "arXiv",
      primaryClass   = "hep-ph",
      SLACcitation   = "%%CITATION = ARXIV:1006.2379;%%"
}

% P Arnold, correlation
@article{Arnold:2015qya,
      author         = "Arnold, Peter and Iqbal, Shahin",
      title          = "{The LPM effect in sequential bremsstrahlung}",
      journal        = "JHEP",
      volume         = "04",
      year           = "2015",
      pages          = "070",
      doi            = "10.1007/JHEP09(2016)072, 10.1007/JHEP04(2015)070",
      note           = "[Erratum: JHEP09,072(2016)]",
      eprint         = "1501.04964",
      archivePrefix  = "arXiv",
      primaryClass   = "hep-ph",
      SLACcitation   = "%%CITATION = ARXIV:1501.04964;%%"
}
@article{Arnold:2016kek,
      author         = "Arnold, Peter and Chang, Han-Chih and Iqbal, Shahin",
      title          = "{The LPM effect in sequential bremsstrahlung 2:
                        factorization}",
      journal        = "JHEP",
      volume         = "09",
      year           = "2016",
      pages          = "078",
      doi            = "10.1007/JHEP09(2016)078",
      eprint         = "1605.07624",
      archivePrefix  = "arXiv",
      primaryClass   = "hep-ph",
      SLACcitation   = "%%CITATION = ARXIV:1605.07624;%%"
}
@article{Arnold:2016mth,
      author         = "Arnold, Peter and Chang, Han-Chih and Iqbal, Shahin",
      title          = "{The LPM effect in sequential bremsstrahlung: dimensional
                        regularization}",
      journal        = "JHEP",
      volume         = "10",
      year           = "2016",
      pages          = "100",
      doi            = "10.1007/JHEP10(2016)100",
      eprint         = "1606.08853",
      archivePrefix  = "arXiv",
      primaryClass   = "hep-ph",
      SLACcitation   = "%%CITATION = ARXIV:1606.08853;%%"
}
@article{Arnold:2016jnq,
      author         = "Arnold, Peter and Chang, Han-Chih and Iqbal, Shahin",
      title          = "{The LPM effect in sequential bremsstrahlung: 4-gluon
                        vertices}",
      journal        = "JHEP",
      volume         = "10",
      year           = "2016",
      pages          = "124",
      doi            = "10.1007/JHEP10(2016)124",
      eprint         = "1608.05718",
      archivePrefix  = "arXiv",
      primaryClass   = "hep-ph",
      SLACcitation   = "%%CITATION = ARXIV:1608.05718;%%"
}

% REF-Lido
@article{Ke:2018tsh,
      author         = "Ke, Weiyao and Xu, Yingru and Bass, Steffen A.",
      title          = "{A linearized Boltzmann--Langevin model for heavy quark
                        transport in hot and dense QCD matter}",
      year           = "2018",
      eprint         = "1806.08848",
      archivePrefix  = "arXiv",
      primaryClass   = "nucl-th",
      SLACcitation   = "%%CITATION = ARXIV:1806.08848;%%"
}




% sPHENIX
@article{Adare:2015kwa,
      author         = "Adare, A. and others",
      title          = "{An Upgrade Proposal from the PHENIX Collaboration}",
      collaboration  = "PHENIX",
      year           = "2015",
      eprint         = "1501.06197",
      archivePrefix  = "arXiv",
      primaryClass   = "nucl-ex",
      SLACcitation   = "%%CITATION = ARXIV:1501.06197;%%"
}

% CMS projection
@article{CMS:2017dec,
      author         = "CMS Collaboration",
      title          = "{Projected Heavy Ion Physics Performance at the High
                        Luminosity LHC Era with the CMS Detector}",
      collaboration  = "CMS",
      year           = "2017",
      eprint   = "CMS-PAS-FTR-17-002",
      SLACcitation   = "%%CITATION = CMS-PAS-FTR-17-002;%%"
}

% ALICE upgrade
@article{Abelevetal:2014dna,
      author         = "Abelev, B and others",
      title          = "{Technical Design Report for the Upgrade of the ALICE
                        Inner Tracking System}",
      collaboration  = "ALICE",
      journal        = "J. Phys.",
      volume         = "G41",
      year           = "2014",
      pages          = "087002",
      doi            = "10.1088/0954-3899/41/8/087002",
      reportNumber   = "CERN-LHCC-2013-024, ALICE-TDR-017",
      SLACcitation   = "%%CITATION = JPAGA,G41,087002;%%"
}

% ATLAS upgrade HI
@article{ATLAS-Collaboration:2012iwa,
	  author         = "ATLAS Collaboration",
      title          = "{Future of the ATLAS heavy ion program}",
      collaboration  = "ATLAS",
      year           = "2012",
      eprint   = "ATL-PHYS-PUB-2012-002, ATL-COM-PHYS-2012-1116",
      SLACcitation   = "%%CITATION = ATL-PHYS-PUB-2012-002;%%"
}

% STAR upgrade, HF
@article{STAR:upgrade-hf,
  author={Yaping Wang and the Star Collaboration},
  title={STAR upgrade program and future physics},
  journal={Journal of Physics: Conference Series},
  volume={535},
  number={1},
  pages={012022},
  url={http://stacks.iop.org/1742-6596/535/i=1/a=012022},
  year={2014}
}  



% #########################

% TAMU heavy quark diffusion
% A
@article{He:2012df,
      author         = "He, Min and Fries, Rainer J. and Rapp, Ralf",
      title          = "{$D_s$-Meson as Quantitative Probe of Diffusion
                        and Hadronization in Nuclear Collisions}",
      journal        = "Phys. Rev. Lett.",
      volume         = "110",
      year           = "2013",
      number         = "11",
      pages          = "112301",
      doi            = "10.1103/PhysRevLett.110.112301",
      eprint         = "1204.4442",
      archivePrefix  = "arXiv",
      primaryClass   = "nucl-th",
      SLACcitation   = "%%CITATION = ARXIV:1204.4442;%%"
}
% B
@article{Riek:2010fk,
      author         = "Riek, F. and Rapp, R.",
      title          = "{Quarkonia and Heavy-Quark Relaxation Times in the
                        Quark-Gluon Plasma}",
      journal        = "Phys. Rev.",
      volume         = "C82",
      year           = "2010",
      pages          = "035201",
      doi            = "10.1103/PhysRevC.82.035201",
      eprint         = "1005.0769",
      archivePrefix  = "arXiv",
      primaryClass   = "hep-ph",
      SLACcitation   = "%%CITATION = ARXIV:1005.0769;%%"
}

% iEBE vishnu
@article{Shen:2014vra,
      author         = "Shen, Chun and Qiu, Zhi and Song, Huichao and Bernhard,
                        Jonah and Bass, Steffen and Heinz, Ulrich",
      title          = "{The iEBE-VISHNU code package for relativistic heavy-ion
                        collisions}",
      journal        = "Comput. Phys. Commun.",
      volume         = "199",
      year           = "2016",
      pages          = "61-85",
      doi            = "10.1016/j.cpc.2015.08.039",
      eprint         = "1409.8164",
      archivePrefix  = "arXiv",
      primaryClass   = "nucl-th",
      SLACcitation   = "%%CITATION = ARXIV:1409.8164;%%"
}

% Jussi LBT jet
@article{Auvinen:2009qm,
      author         = "Auvinen, Jussi and Eskola, Kari J. and Renk, Thorsten",
      title          = "{A Monte-Carlo model for elastic energy loss in a
                        hydrodynamical background}",
      journal        = "Phys. Rev.",
      volume         = "C82",
      year           = "2010",
      pages          = "024906",
      doi            = "10.1103/PhysRevC.82.024906",
      eprint         = "0912.2265",
      archivePrefix  = "arXiv",
      primaryClass   = "hep-ph",
      SLACcitation   = "%%CITATION = ARXIV:0912.2265;%%"
}

% Xinnian, LPM effect
@article{Wang:1994fx,
      author         = "Wang, Xin-Nian and Gyulassy, Miklos and Plumer, Michael",
      title          = "{The LPM effect in QCD and radiative energy loss in a
                        quark gluon plasma}",
      journal        = "Phys. Rev.",
      volume         = "D51",
      year           = "1995",
      pages          = "3436-3446",
      doi            = "10.1103/PhysRevD.51.3436",
      eprint         = "hep-ph/9408344",
      archivePrefix  = "arXiv",
      primaryClass   = "hep-ph",
      reportNumber   = "LBL-35980",
      SLACcitation   = "%%CITATION = HEP-PH/9408344;%%"
}

% Jonah thesis
@phdthesis{Bernhard:2018hnz,
      author         = "Bernhard, Jonah E.",
      title          = "{Bayesian parameter estimation for relativistic heavy-ion
                        collisions}",
      url            = "https://inspirehep.net/record/1669345/files/1804.06469.pdf",
      year           = "2018",
      eprint         = "1804.06469",
      archivePrefix  = "arXiv",
      primaryClass   = "nucl-th",
      SLACcitation   = "%%CITATION = ARXIV:1804.06469;%%"
}

% PHSD heavy quark
%%% contains utf-8, see: http://inspirehep.net/info/faq/general#utf8
%%% add \usepackage[utf8]{inputenc} to your latex preamble
@article{Song:2015ykw,
      author         = "Song, Taesoo and Berrehrah, Hamza and Cabrera, Daniel and
                        Cassing, Wolfgang and Bratkovskaya, Elena",
      title          = "{Charm production in Pb + Pb collisions at energies
                        available at the CERN Large Hadron Collider}",
      journal        = "Phys. Rev.",
      volume         = "C93",
      year           = "2016",
      number         = "3",
      pages          = "034906",
      doi            = "10.1103/PhysRevC.93.034906",
      eprint         = "1512.00891",
      archivePrefix  = "arXiv",
      primaryClass   = "nucl-th",
      SLACcitation   = "%%CITATION = ARXIV:1512.00891;%%"
}
% TAMU NP heavy quark diffusion
@article{vanHees:2007me,
      author         = "van Hees, H. and Mannarelli, M. and Greco, V. and Rapp,
                        R.",
      title          = "{Nonperturbative heavy-quark diffusion in the quark-gluon
                        plasma}",
      journal        = "Phys. Rev. Lett.",
      volume         = "100",
      year           = "2008",
      pages          = "192301",
      doi            = "10.1103/PhysRevLett.100.192301",
      eprint         = "0709.2884",
      archivePrefix  = "arXiv",
      primaryClass   = "hep-ph",
      SLACcitation   = "%%CITATION = ARXIV:0709.2884;%%"
}
% NLO diffusion in QCD and N=4 SYM
@article{CaronHuot:2008uh,
      author         = "Caron-Huot, Simon and Moore, Guy D.",
      title          = "{Heavy quark diffusion in QCD and N=4 SYM at
                        next-to-leading order}",
      journal        = "JHEP",
      volume         = "02",
      year           = "2008",
      pages          = "081",
      doi            = "10.1088/1126-6708/2008/02/081",
      eprint         = "0801.2173",
      archivePrefix  = "arXiv",
      primaryClass   = "hep-ph",
      SLACcitation   = "%%CITATION = ARXIV:0801.2173;%%"
}
% Catania Boltzmann 
@article{Scardina:2017ipo,
      author         = "Scardina, Francesco and Das, Santosh K. and Minissale,
                        Vincenzo and Plumari, Salvatore and Greco, Vincenzo",
      title          = "{Estimating the charm quark diffusion coefficient and
                        thermalization time from D meson spectra at energies
                        available at the BNL Relativistic Heavy Ion Collider and
                        the CERN Large Hadron Collider}",
      journal        = "Phys. Rev.",
      volume         = "C96",
      year           = "2017",
      number         = "4",
      pages          = "044905",
      doi            = "10.1103/PhysRevC.96.044905",
      eprint         = "1707.05452",
      archivePrefix  = "arXiv",
      primaryClass   = "nucl-th",
      SLACcitation   = "%%CITATION = ARXIV:1707.05452;%%"
}

% SCET
@article{Kang:2016ofv,
      author         = "Kang, Zhong-Bo and Ringer, Felix and Vitev, Ivan",
      title          = "{Effective field theory approach to open heavy flavor
                        production in heavy-ion collisions}",
      journal        = "JHEP",
      volume         = "03",
      year           = "2017",
      pages          = "146",
      doi            = "10.1007/JHEP03(2017)146",
      eprint         = "1610.02043",
      archivePrefix  = "arXiv",
      primaryClass   = "hep-ph",
      SLACcitation   = "%%CITATION = ARXIV:1610.02043;%%"
}

% Monopole (cujet 3.0)
@article{Xu:2014tda,
      author         = "Xu, Jiechen and Liao, Jinfeng and Gyulassy, Miklos",
      title          = "{Consistency of Perfect Fluidity and Jet Quenching in
                        semi-Quark-Gluon Monopole Plasmas}",
      journal        = "Chin. Phys. Lett.",
      volume         = "32",
      year           = "2015",
      number         = "9",
      pages          = "092501",
      doi            = "10.1088/0256-307X/32/9/092501",
      eprint         = "1411.3673",
      archivePrefix  = "arXiv",
      primaryClass   = "hep-ph",
      SLACcitation   = "%%CITATION = ARXIV:1411.3673;%%"
}

% REF-HTL
% REF-HTL-THERMALDYNAMICS
@article{Blaizot:2000fc,
      author         = "Blaizot, J. P. and Iancu, Edmond and Rebhan, A.",
      title          = "{Approximately selfconsistent resummations for the
                        thermodynamics of the quark gluon plasma. 1. Entropy and
                        density}",
      journal        = "Phys. Rev.",
      volume         = "D63",
      year           = "2001",
      pages          = "065003",
      doi            = "10.1103/PhysRevD.63.065003",
      eprint         = "hep-ph/0005003",
      archivePrefix  = "arXiv",
      primaryClass   = "hep-ph",
      reportNumber   = "CERN-TH-2000-121, SACLAY-SPH-T-00-059, TUW-00-13",
      SLACcitation   = "%%CITATION = HEP-PH/0005003;%%"
}

@article{Strickland:2010tm,
      author         = "Strickland, Michael and Andersen, Jens O. and Leganger,
                        Lars E. and Su, Nan",
      title          = "{Hard-thermal-loop QCD Thermodynamics}",
      booktitle      = "{High energy strong interactions. Proceedings,
                        International Symposium, HESI10, Kyoto, Japan, August
                        9-13, 2010}",
      journal        = "Prog. Theor. Phys. Suppl.",
      volume         = "187",
      year           = "2011",
      pages          = "106-114",
      doi            = "10.1143/PTPS.187.106",
      eprint         = "1011.0416",
      archivePrefix  = "arXiv",
      primaryClass   = "hep-ph",
      SLACcitation   = "%%CITATION = ARXIV:1011.0416;%%"
}
@article{Su:2015esa,
      author         = "Su, Nan",
      title          = "{Recent progress in hard-thermal-loop QCD thermodynamics
                        and collective excitations}",
      journal        = "Int. J. Mod. Phys.",
      volume         = "A30",
      year           = "2015",
      pages          = "1530025",
      doi            = "10.1142/S0217751X15300252",
      eprint         = "1502.04589",
      archivePrefix  = "arXiv",
      primaryClass   = "hep-ph",
      reportNumber   = "BI-TP-2015-08",
      SLACcitation   = "%%CITATION = ARXIV:1502.04589;%%"
}

% REF-MARTINI
% MARTINI-1
@article{Jeon:2003gi,
      author         = "Jeon, Sangyong and Moore, Guy D.",
      title          = "{Energy loss of leading partons in a thermal QCD medium}",
      journal        = "Phys. Rev.",
      volume         = "C71",
      year           = "2005",
      pages          = "034901",
      doi            = "10.1103/PhysRevC.71.034901",
      eprint         = "hep-ph/0309332",
      archivePrefix  = "arXiv",
      primaryClass   = "hep-ph",
      SLACcitation   = "%%CITATION = HEP-PH/0309332;%%"
}
% MARTINI-2
@article{Schenke:2009gb,
      author         = "Schenke, Bjoern and Gale, Charles and Jeon, Sangyong",
      title          = "{MARTINI: An Event generator for relativistic heavy-ion
                        collisions}",
      journal        = "Phys. Rev.",
      volume         = "C80",
      year           = "2009",
      pages          = "054913",
      doi            = "10.1103/PhysRevC.80.054913",
      eprint         = "0909.2037",
      archivePrefix  = "arXiv",
      primaryClass   = "hep-ph",
      SLACcitation   = "%%CITATION = ARXIV:0909.2037;%%"
}
% Chanwook Park, finite-size and running alphas in Martini-3
@article{Park:2016jap,
      author         = "Park, Chanwook and Shen, Chun and Jeon, Sangyong and
                        Gale, Charles",
      title          = "{Rapidity-dependent jet energy loss in small systems with
                        finite-size effects and running coupling}",
      booktitle      = "{Proceedings, 8th International Conference on Hard and
                        Electromagnetic Probes of High-energy Nuclear Collisions:
                        Hard Probes 2016 (HP2016): Wuhan, Hubei, China, September
                        23-27, 2016}",
      journal        = "Nucl. Part. Phys. Proc.",
      volume         = "289-290",
      year           = "2017",
      pages          = "289-292",
      doi            = "10.1016/j.nuclphysbps.2017.05.066",
      eprint         = "1612.06754",
      archivePrefix  = "arXiv",
      primaryClass   = "nucl-th",
      SLACcitation   = "%%CITATION = ARXIV:1612.06754;%%"
}
% Chanwook Park, thesis MARTINI-4
@MastersThesis{Park:thesis,
      author         = "Park, Chanwook",
      title          = "{Jet energy loss with finite-size effects and running coupling in MARTINI}",
      year           = "2015",
	  school         = "McGill University",
	  address        = "Montr\'eal, Qu\'ebec"
}

% REF- one loop self energy
@article{Peshier:1998dy,
      author         = "Peshier, Andre and Schertler, Klaus and Thoma, Markus H.",
      title          = "{One loop selfenergies at finite temperature}",
      journal        = "Annals Phys.",
      volume         = "266",
      year           = "1998",
      pages          = "162-177",
      doi            = "10.1006/aphy.1997.5781",
      eprint         = "hep-ph/9708434",
      archivePrefix  = "arXiv",
      primaryClass   = "hep-ph",
      SLACcitation   = "%%CITATION = HEP-PH/9708434;%%"
}

% REF - The use of HTL effective propagator
@article{PhysRevD.44.1298,
  title = {Energy loss of a heavy fermion in a hot QED plasma},
  author = {Braaten, Eric and Thoma, Markus H.},
  journal = {Phys. Rev. D},
  volume = {44},
  issue = {4},
  pages = {1298--1310},
  numpages = {0},
  year = {1991},
  month = {Aug},
  publisher = {American Physical Society},
  doi = {10.1103/PhysRevD.44.1298},
  url = {https://link.aps.org/doi/10.1103/PhysRevD.44.1298}
}

% in medium HTL sum rule
@article{Aurenche:2002pd,
      author         = "Aurenche, P. and Gelis, F. and Zaraket, H.",
      title          = "{A Simple sum rule for the thermal gluon spectral
                        function and applications}",
      journal        = "JHEP",
      volume         = "05",
      year           = "2002",
      pages          = "043",
      doi            = "10.1088/1126-6708/2002/05/043",
      eprint         = "hep-ph/0204146",
      archivePrefix  = "arXiv",
      primaryClass   = "hep-ph",
      reportNumber   = "LAPTH-909-02, LPT-ORSAY-02-27",
      SLACcitation   = "%%CITATION = HEP-PH/0204146;%%"
}



% REF- BDMPS
@article{Baier:1996kr,
      author         = "Baier, R. and Dokshitzer, Yuri L. and Mueller, Alfred H.
                        and Peigne, S. and Schiff, D.",
      title          = "{Radiative energy loss of high-energy quarks and gluons
                        in a finite volume quark - gluon plasma}",
      journal        = "Nucl. Phys.",
      volume         = "B483",
      year           = "1997",
      pages          = "291-320",
      doi            = "10.1016/S0550-3213(96)00553-6",
      eprint         = "hep-ph/9607355",
      archivePrefix  = "arXiv",
      primaryClass   = "hep-ph",
      reportNumber   = "BI-TP-96-21, CUTP-759, LPTHE-ORSAY-96-34",
      SLACcitation   = "%%CITATION = HEP-PH/9607355;%%"
}

% BDMPS finite medium
@article{Baier:1998yf,
      author         = "Baier, R. and Dokshitzer, Yuri L. and Mueller, Alfred H.
                        and Schiff, D.",
      title          = "{Radiative energy loss of high-energy partons traversing
                        an expanding QCD plasma}",
      journal        = "Phys. Rev.",
      volume         = "C58",
      year           = "1998",
      pages          = "1706-1713",
      doi            = "10.1103/PhysRevC.58.1706",
      eprint         = "hep-ph/9803473",
      archivePrefix  = "arXiv",
      primaryClass   = "hep-ph",
      reportNumber   = "BI-TP-98-04, LPTHE-ORSAY-98-20",
      SLACcitation   = "%%CITATION = HEP-PH/9803473;%%"
}

% BDMPS in nuclei
@article{Baier:1996sk,
      author         = "Baier, R. and Dokshitzer, Yuri L. and Mueller, Alfred H.
                        and Peigne, S. and Schiff, D.",
      title          = "{Radiative energy loss and p(T) broadening of high-energy
                        partons in nuclei}",
      journal        = "Nucl. Phys.",
      volume         = "B484",
      year           = "1997",
      pages          = "265-282",
      doi            = "10.1016/S0550-3213(96)00581-0",
      eprint         = "hep-ph/9608322",
      archivePrefix  = "arXiv",
      primaryClass   = "hep-ph",
      reportNumber   = "CU-TP-760, BI-TP-96-26, LPTHE-ORSAY-96-61",
      SLACcitation   = "%%CITATION = HEP-PH/9608322;%%"
}

% Beyond multiple soft, NLL, next-to-leading log
@article{Arnold:2008zu,
      author         = "Arnold, Peter Brockway and Dogan, Caglar",
      title          = "{QCD Splitting/Joining Functions at Finite Temperature in
                        the Deep LPM Regime}",
      journal        = "Phys. Rev.",
      volume         = "D78",
      year           = "2008",
      pages          = "065008",
      doi            = "10.1103/PhysRevD.78.065008",
      eprint         = "0804.3359",
      archivePrefix  = "arXiv",
      primaryClass   = "hep-ph",
      SLACcitation   = "%%CITATION = ARXIV:0804.3359;%%"
}
@article{Mehtar-Tani:2019tvy,
      author         = "Mehtar-Tani, Yacine",
      title          = "{Gluon bremsstrahlung in finite media beyond multiple
                        soft scattering approximation}",
      year           = "2019",
      eprint         = "1903.00506",
      archivePrefix  = "arXiv",
      primaryClass   = "hep-ph",
      SLACcitation   = "%%CITATION = ARXIV:1903.00506;%%"
}




% REF-SCET
% SCET_G
@article{Ovanesyan:2011xy,
      author         = "Ovanesyan, Grigory and Vitev, Ivan",
      title          = "{An effective theory for jet propagation in dense QCD
                        matter: jet broadening and medium-induced bremsstrahlung}",
      journal        = "JHEP",
      volume         = "06",
      year           = "2011",
      pages          = "080",
      doi            = "10.1007/JHEP06(2011)080",
      eprint         = "1103.1074",
      archivePrefix  = "arXiv",
      primaryClass   = "hep-ph",
      SLACcitation   = "%%CITATION = ARXIV:1103.1074;%%"
}

% SCET_G prediction
@article{Kang:2014xsa,
      author         = "Kang, Zhong-Bo and Lashof-Regas, Robin and Ovanesyan,
                        Grigory and Saad, Philip and Vitev, Ivan",
      title          = "{Jet quenching phenomenology from soft-collinear
                        effective theory with Glauber gluons}",
      journal        = "Phys. Rev. Lett.",
      volume         = "114",
      year           = "2015",
      number         = "9",
      pages          = "092002",
      doi            = "10.1103/PhysRevLett.114.092002",
      eprint         = "1405.2612",
      archivePrefix  = "arXiv",
      primaryClass   = "hep-ph",
      reportNumber   = "ACFI-T14-10",
      SLACcitation   = "%%CITATION = ARXIV:1405.2612;%%"
}

% REF-AMY
@article{Arnold:2002ja,
      author         = "Arnold, Peter Brockway and Moore, Guy D. and Yaffe,
                        Laurence G.",
      title          = "{Photon and gluon emission in relativistic plasmas}",
      journal        = "JHEP",
      volume         = "06",
      year           = "2002",
      pages          = "030",
      doi            = "10.1088/1126-6708/2002/06/030",
      eprint         = "hep-ph/0204343",
      archivePrefix  = "arXiv",
      primaryClass   = "hep-ph",
      reportNumber   = "UW-PT-02-06",
      SLACcitation   = "%%CITATION = HEP-PH/0204343;%%"
}

% AMY Effective kinetic theory for QCD plasma
@article{Arnold:2002zm,
      author         = "Arnold, Peter Brockway and Moore, Guy D. and Yaffe,
                        Laurence G.",
      title          = "{Effective kinetic theory for high temperature gauge
                        theories}",
      journal        = "JHEP",
      volume         = "01",
      year           = "2003",
      pages          = "030",
      doi            = "10.1088/1126-6708/2003/01/030",
      eprint         = "hep-ph/0209353",
      archivePrefix  = "arXiv",
      primaryClass   = "hep-ph",
      SLACcitation   = "%%CITATION = HEP-PH/0209353;%%"
}
% AMY Effective kinetic theory beyond LL
@article{Arnold:2003zc,
      author         = "Arnold, Peter Brockway and Moore, Guy D and Yaffe,
                        Laurence G.",
      title          = "{Transport coefficients in high temperature gauge
                        theories. 2. Beyond leading log}",
      journal        = "JHEP",
      volume         = "05",
      year           = "2003",
      pages          = "051",
      doi            = "10.1088/1126-6708/2003/05/051",
      eprint         = "hep-ph/0302165",
      archivePrefix  = "arXiv",
      primaryClass   = "hep-ph",
      SLACcitation   = "%%CITATION = HEP-PH/0302165;%%"
}

% NLO diffusion+scattering
@article{Ghiglieri:2015ala,
      author         = "Ghiglieri, Jacopo and Moore, Guy D. and Teaney, Derek",
      title          = "{Jet-Medium Interactions at NLO in a Weakly-Coupled
                        Quark-Gluon Plasma}",
      journal        = "JHEP",
      volume         = "03",
      year           = "2016",
      pages          = "095",
      doi            = "10.1007/JHEP03(2016)095",
      eprint         = "1509.07773",
      archivePrefix  = "arXiv",
      primaryClass   = "hep-ph",
      SLACcitation   = "%%CITATION = ARXIV:1509.07773;%%"
}


% REF-Gunion-Bertsch
% Gunion Bertsch
@article{PhysRevD.25.746,
  title = {Hadronization by color bremsstrahlung},
  author = {Gunion, J. F. and Bertsch, G.},
  journal = {Phys. Rev. D},
  volume = {25},
  issue = {3},
  pages = {746--753},
  numpages = {0},
  year = {1982},
  month = {Feb},
  publisher = {American Physical Society},
  doi = {10.1103/PhysRevD.25.746},
  url = {https://link.aps.org/doi/10.1103/PhysRevD.25.746}
}

% Improved Gunion Bertsch: light parton
@article{Fochler:2013epa,
      author         = "Fochler, Oliver and Uphoff, Jan and Xu, Zhe and Greiner,
                        Carsten",
      title          = "{Radiative parton processes in perturbative QCD: An
                        improved version of the Gunion and Bertsch cross section
                        from comparisons to the exact result}",
      journal        = "Phys. Rev.",
      volume         = "D88",
      year           = "2013",
      number         = "1",
      pages          = "014018",
      doi            = "10.1103/PhysRevD.88.014018",
      eprint         = "1302.5250",
      archivePrefix  = "arXiv",
      primaryClass   = "hep-ph",
      SLACcitation   = "%%CITATION = ARXIV:1302.5250;%%"
}
% Improved Gunion Bertsch: heavy quark
@article{Uphoff:2014hza,
      author         = "Uphoff, Jan and Fochler, Oliver and Xu, Zhe and Greiner,
                        Carsten",
      title          = "{Elastic and radiative heavy quark interactions in
                        ultra-relativistic heavy-ion collisions}",
      journal        = "J. Phys.",
      volume         = "G42",
      year           = "2015",
      number         = "11",
      pages          = "115106",
      doi            = "10.1088/0954-3899/42/11/115106",
      eprint         = "1408.2964",
      archivePrefix  = "arXiv",
      primaryClass   = "hep-ph",
      SLACcitation   = "%%CITATION = ARXIV:1408.2964;%%"
}


% REF-BAMPS
% Original BAMPS
@article{Xu:2004mz,
      author         = "Xu, Zhe and Greiner, Carsten",
      title          = "{Thermalization of gluons in ultrarelativistic heavy ion
                        collisions by including three-body interactions in a
                        parton cascade}",
      journal        = "Phys. Rev.",
      volume         = "C71",
      year           = "2005",
      pages          = "064901",
      doi            = "10.1103/PhysRevC.71.064901",
      eprint         = "hep-ph/0406278",
      archivePrefix  = "arXiv",
      primaryClass   = "hep-ph",
      SLACcitation   = "%%CITATION = HEP-PH/0406278;%%"
}

% Jan Uphoff BAMPS
@article{Uphoff:2010sh,
      author         = "Uphoff, Jan and Fochler, Oliver and Xu, Zhe and Greiner,
                        Carsten",
      title          = "{Heavy quark production at RHIC and LHC within a partonic
                        transport model}",
      journal        = "Phys. Rev.",
      volume         = "C82",
      year           = "2010",
      pages          = "044906",
      doi            = "10.1103/PhysRevC.82.044906",
      eprint         = "1003.4200",
      archivePrefix  = "arXiv",
      primaryClass   = "hep-ph",
      SLACcitation   = "%%CITATION = ARXIV:1003.4200;%%"
}

% REF-Opacity expansion, GLV, DGLV
@article{Wiedemann:2000za,
      author         = "Wiedemann, Urs Achim",
      title          = "{Gluon radiation off hard quarks in a nuclear
                        environment: Opacity expansion}",
      journal        = "Nucl. Phys.",
      volume         = "B588",
      year           = "2000",
      pages          = "303-344",
      doi            = "10.1016/S0550-3213(00)00457-0",
      eprint         = "hep-ph/0005129",
      archivePrefix  = "arXiv",
      primaryClass   = "hep-ph",
      SLACcitation   = "%%CITATION = HEP-PH/0005129;%%"
}

@article{Gyulassy:1999zd,
      author         = "Gyulassy, Miklos and Levai, Peter and Vitev, Ivan",
      title          = "{Jet quenching in thin quark gluon plasmas. 1.
                        Formalism}",
      journal        = "Nucl. Phys.",
      volume         = "B571",
      year           = "2000",
      pages          = "197-233",
      doi            = "10.1016/S0550-3213(99)00713-0",
      eprint         = "hep-ph/9907461",
      archivePrefix  = "arXiv",
      primaryClass   = "hep-ph",
      SLACcitation   = "%%CITATION = HEP-PH/9907461;%%"
}

% DGLV energy loss , finite L, dynamical scattering center
@article{Djordjevic:2008iz,
      author         = "Djordjevic, Magdalena and Heinz, Ulrich W.",
      title          = "{Radiative energy loss in a finite dynamical QCD medium}",
      journal        = "Phys. Rev. Lett.",
      volume         = "101",
      year           = "2008",
      pages          = "022302",
      doi            = "10.1103/PhysRevLett.101.022302",
      eprint         = "0802.1230",
      archivePrefix  = "arXiv",
      primaryClass   = "nucl-th",
      reportNumber   = "CERN-PH-TH-2008-018",
      SLACcitation   = "%%CITATION = ARXIV:0802.1230;%%"
}

% DGLV flow and Raa
@article{Molnar:2013eqa,
      author         = "Molnar, Denes and Sun, Deke",
      title          = "{High-pT suppression and elliptic flow from radiative
                        energy loss with realistic bulk medium expansion}",
      year           = "2013",
      eprint         = "1305.1046",
      archivePrefix  = "arXiv",
      primaryClass   = "nucl-th",
      SLACcitation   = "%%CITATION = ARXIV:1305.1046;%%"
}

% REF-Dead Cone
% dead cone in vacuum
@article{Dokshitzer_1991,
	doi = {10.1088/0954-3899/17/10/023},
	url = {https://doi.org/10.1088%2F0954-3899%2F17%2F10%2F023},
	year = 1991,
	month = {oct},
	publisher = {{IOP} Publishing},
	volume = {17},
	number = {10},
	pages = {1602--1604},
	author = {Yu L Dokshitzer and V A Khoze and S I Troyan},
	title = {On specific {QCD} properties of heavy quark fragmentation (dead cone)},
	journal = {Journal of Physics G: Nuclear and Particle Physics},
	abstract = {It is the restriction on the phase space of emitting gluons connected with the kinematics of a heavy quark Q=c, b, . . . which determines the difference of the QCD jet produced by Q from that of ordinary light (practically massless) quarks q=u, d, s. The authors consider the Q-quark as relativistic (EQ>>MQ, Theta 0 identical to MQ/EQ<<1) and taking care of logarithmic effects ignoring small (power) corrections of the order of Theta 0.}
}

% dead cone in medium
@article{Dokshitzer:2001zm,
      author         = "Dokshitzer, Yuri L. and Kharzeev, D. E.",
      title          = "{Heavy quark colorimetry of QCD matter}",
      journal        = "Phys. Lett.",
      volume         = "B519",
      year           = "2001",
      pages          = "199-206",
      doi            = "10.1016/S0370-2693(01)01130-3",
      eprint         = "hep-ph/0106202",
      archivePrefix  = "arXiv",
      primaryClass   = "hep-ph",
      reportNumber   = "LPT-ORSAY-01-58, BNL-NT-01-9",
      SLACcitation   = "%%CITATION = HEP-PH/0106202;%%"
}

@article{Abir:2012pu,
      author         = "Abir, Raktim and Jamil, Umme and Mustafa, Munshi G. and
                        Srivastava, Dinesh K.",
      title          = "{Heavy quark energy loss and D-mesons in RHIC and LHC
                        energies}",
      journal        = "Phys. Lett.",
      volume         = "B715",
      year           = "2012",
      pages          = "183-189",
      doi            = "10.1016/j.physletb.2012.07.044",
      eprint         = "1203.5221",
      archivePrefix  = "arXiv",
      primaryClass   = "hep-ph",
      SLACcitation   = "%%CITATION = ARXIV:1203.5221;%%"
}

@article{Zhang:2003wk,
      author         = "Zhang, Ben-Wei and Wang, Enke and Wang, Xin-Nian",
      title          = "{Heavy quark energy loss in nuclear medium}",
      journal        = "Phys. Rev. Lett.",
      volume         = "93",
      year           = "2004",
      pages          = "072301",
      doi            = "10.1103/PhysRevLett.93.072301",
      eprint         = "nucl-th/0309040",
      archivePrefix  = "arXiv",
      primaryClass   = "nucl-th",
      reportNumber   = "LBNL-53791",
      SLACcitation   = "%%CITATION = NUCL-TH/0309040;%%"
}


%  REF-Modified DGLAP, higher twist, MATTER
% Scale evolution of jet
@article{Majumder:2009zu,
      author         = "Majumder, A.",
      title          = "{The In-medium scale evolution in jet modification}",
      year           = "2009",
      eprint         = "0901.4516",
      archivePrefix  = "arXiv",
      primaryClass   = "nucl-th",
      SLACcitation   = "%%CITATION = ARXIV:0901.4516;%%"
}

@article{Majumder:2007hx,
      author         = "Majumder, A. and Muller, Berndt",
      title          = "{Higher twist jet broadening and classical propagation}",
      journal        = "Phys. Rev.",
      volume         = "C77",
      year           = "2008",
      pages          = "054903",
      doi            = "10.1103/PhysRevC.77.054903",
      eprint         = "0705.1147",
      archivePrefix  = "arXiv",
      primaryClass   = "nucl-th",
      SLACcitation   = "%%CITATION = ARXIV:0705.1147;%%"
}

@article{Wang:2001ifa,
      author         = "Wang, Xin-Nian and Guo, Xiao-feng",
      title          = "{Multiple parton scattering in nuclei: Parton energy
                        loss}",
      journal        = "Nucl. Phys.",
      volume         = "A696",
      year           = "2001",
      pages          = "788-832",
      doi            = "10.1016/S0375-9474(01)01130-7",
      eprint         = "hep-ph/0102230",
      archivePrefix  = "arXiv",
      primaryClass   = "hep-ph",
      reportNumber   = "LBNL-47155",
      SLACcitation   = "%%CITATION = HEP-PH/0102230;%%"
}
@article{Majumder:2009ge,
      author         = "Majumder, Abhijit",
      title          = "{Hard collinear gluon radiation and multiple scattering
                        in a medium}",
      journal        = "Phys. Rev.",
      volume         = "D85",
      year           = "2012",
      pages          = "014023",
      doi            = "10.1103/PhysRevD.85.014023",
      eprint         = "0912.2987",
      archivePrefix  = "arXiv",
      primaryClass   = "nucl-th",
      SLACcitation   = "%%CITATION = ARXIV:0912.2987;%%"
}

@article{Cao:2017qpx,
      author         = "Cao, Shanshan and Majumder, Abhijit",
      title          = "{Nuclear modification of single hadron and jet production
                        within a virtuality-ordered (MATTER) parton shower}",
      year           = "2017",
      eprint         = "1712.10055",
      archivePrefix  = "arXiv",
      primaryClass   = "nucl-th",
      SLACcitation   = "%%CITATION = ARXIV:1712.10055;%%"
}

@article{Wang:2002pk,
      author         = "Wang, Xin-Nian",
      title          = "{Modified fragmentation function and jet quenching at
                        RHIC}",
      booktitle      = "{Statistical QCD. Proceedings, International Symposium,
                        Bielefeld, Germany, August 26-30, 2001}",
      journal        = "Nucl. Phys.",
      volume         = "A702",
      year           = "2002",
      pages          = "238",
      doi            = "10.1016/S0375-9474(02)00711-X",
      eprint         = "hep-ph/0208094",
      archivePrefix  = "arXiv",
      primaryClass   = "hep-ph",
      reportNumber   = "LBNL-51282",
      SLACcitation   = "%%CITATION = HEP-PH/0208094;%%"
}


% JETSCAPE
@article{Putschke:2019yrg,
      author         = "Putschke, J. H. and others",
      title          = "{The JETSCAPE framework}",
      year           = "2019",
      eprint         = "1903.07706",
      archivePrefix  = "arXiv",
      primaryClass   = "nucl-th",
      SLACcitation   = "%%CITATION = ARXIV:1903.07706;%%"
}


@article{Cao:2017zih,
      author         = "Cao, S. and others",
      title          = "{Multistage Monte-Carlo simulation of jet modification in
                        a static medium}",
      collaboration  = "JETSCAPE",
      journal        = "Phys. Rev.",
      volume         = "C96",
      year           = "2017",
      number         = "2",
      pages          = "024909",
      doi            = "10.1103/PhysRevC.96.024909",
      eprint         = "1705.00050",
      archivePrefix  = "arXiv",
      primaryClass   = "nucl-th",
      SLACcitation   = "%%CITATION = ARXIV:1705.00050;%%"
}

% JETSCAPE 1.0: Proceeding
@inproceedings{Kauder:2018cdt,
      author         = "Kauder, Kolja",
      title          = "{JETSCAPE v1.0 Quickstart Guide}",
      booktitle      = "{27th International Conference on Ultrarelativistic
                        Nucleus-Nucleus Collisions (Quark Matter 2018) Venice,
                        Italy, May 14-19, 2018}",
      collaboration  = "JETSCAPE",
      year           = "2018",
      eprint         = "1807.09615",
      archivePrefix  = "arXiv",
      primaryClass   = "hep-ph",
      SLACcitation   = "%%CITATION = ARXIV:1807.09615;%%"
}




% REF-New theory developments
@article{MehtarTani:2012cy,
      author         = "Mehtar-Tani, Yacine and Salgado, Carlos A. and Tywoniuk,
                        Konrad",
      title          = "{The Radiation pattern of a QCD antenna in a dense
                        medium}",
      journal        = "JHEP",
      volume         = "10",
      year           = "2012",
      pages          = "197",
      doi            = "10.1007/JHEP10(2012)197",
      eprint         = "1205.5739",
      archivePrefix  = "arXiv",
      primaryClass   = "hep-ph",
      reportNumber   = "CERN-PH-TH-2012-144, LU-TP-11-24",
      SLACcitation   = "%%CITATION = ARXIV:1205.5739;%%"
}

@article{Mehtar-Tani:2017ypq,
      author         = "Mehtar-Tani, Yacine and Tywoniuk, Konrad",
      title          = "{Radiative energy loss of neighboring subjets}",
      journal        = "Nucl. Phys.",
      volume         = "A979",
      year           = "2018",
      pages          = "165-203",
      doi            = "10.1016/j.nuclphysa.2018.09.041",
      eprint         = "1706.06047",
      archivePrefix  = "arXiv",
      primaryClass   = "hep-ph",
      reportNumber   = "INT-PUB-17-022, CERN-TH-2017-134",
      SLACcitation   = "%%CITATION = ARXIV:1706.06047;%%"
}

@article{PhysRevLett.120.232001,
  title = {Vacuumlike Jet Fragmentation in a Dense QCD Medium},
  author = {Caucal, P. and Iancu, E. and Mueller, A. H. and Soyez, G.},
  journal = {Phys. Rev. Lett.},
  volume = {120},
  issue = {23},
  pages = {232001},
  numpages = {5},
  year = {2018},
  month = {Jun},
  publisher = {American Physical Society},
  doi = {10.1103/PhysRevLett.120.232001},
  url = {https://link.aps.org/doi/10.1103/PhysRevLett.120.232001}
}
@article{Caucal:2018ofz,
      author         = "Caucal, Paul and Iancu, Edmond and Mueller, Alfred H. and
                        Soyez, Gregory",
      title          = "{A new pQCD based Monte Carlo event generator for jets in
                        the quark-gluon plasma}",
      booktitle      = "{Proceedings, 9th International Conference on Hard and
                        Electromagnetic Probes of High-Energy Nuclear Collisions:
                        Hard Probes 2018 (HP2018): Aix-Les-Bains, France, October
                        1-5, 2018}",
      journal        = "PoS",
      volume         = "HardProbes2018",
      year           = "2019",
      pages          = "028",
      doi            = "10.22323/1.345.0028",
      eprint         = "1812.05393",
      archivePrefix  = "arXiv",
      primaryClass   = "hep-ph",
      SLACcitation   = "%%CITATION = ARXIV:1812.05393;%%"
}


% FONLL
@article{Cacciari:1998it,
      author         = "Cacciari, Matteo and Greco, Mario and Nason, Paolo",
      title          = "{The P(T) spectrum in heavy flavor hadroproduction}",
      journal        = "JHEP",
      volume         = "05",
      year           = "1998",
      pages          = "007",
      doi            = "10.1088/1126-6708/1998/05/007",
      eprint         = "hep-ph/9803400",
      archivePrefix  = "arXiv",
      primaryClass   = "hep-ph",
      reportNumber   = "CERN-TH-98-77, LPTHE-ORSAY-98-11, IFUM-613-FT,
                        LNF-98-008-P",
      SLACcitation   = "%%CITATION = HEP-PH/9803400;%%"
}


% PYTHIA8.2
@article{Sjostrand:2014zea,
      author         = "Sj√∂strand, Torbj√∂rn and Ask, Stefan and Christiansen,
                        Jesper R. and Corke, Richard and Desai, Nishita and Ilten,
                        Philip and Mrenna, Stephen and Prestel, Stefan and
                        Rasmussen, Christine O. and Skands, Peter Z.",
      title          = "{An Introduction to PYTHIA 8.2}",
      journal        = "Comput. Phys. Commun.",
      volume         = "191",
      year           = "2015",
      pages          = "159-177",
      doi            = "10.1016/j.cpc.2015.01.024",
      eprint         = "1410.3012",
      archivePrefix  = "arXiv",
      primaryClass   = "hep-ph",
      reportNumber   = "LU-TP-14-36, MCNET-14-22, CERN-PH-TH-2014-190,
                        FERMILAB-PUB-14-316-CD, DESY-14-178, SLAC-PUB-16122",
      SLACcitation   = "%%CITATION = ARXIV:1410.3012;%%"
}

@article{Sjostrand:2006za,
      author         = "Sjostrand, Torbjorn and Mrenna, Stephen and Skands, Peter
                        Z.",
      title          = "{PYTHIA 6.4 Physics and Manual}",
      journal        = "JHEP",
      volume         = "05",
      year           = "2006",
      pages          = "026",
      doi            = "10.1088/1126-6708/2006/05/026",
      eprint         = "hep-ph/0603175",
      archivePrefix  = "arXiv",
      primaryClass   = "hep-ph",
      reportNumber   = "FERMILAB-PUB-06-052-CD-T, LU-TP-06-13",
      SLACcitation   = "%%CITATION = HEP-PH/0603175;%%"
}

% REF-PDF
% proton-proton
% CT10
@article{Lai:2010vv,
      author         = "Lai, Hung-Liang and Guzzi, Marco and Huston, Joey and Li,
                        Zhao and Nadolsky, Pavel M. and Pumplin, Jon and Yuan, C.
                        -P.",
      title          = "{New parton distributions for collider physics}",
      journal        = "Phys. Rev.",
      volume         = "D82",
      year           = "2010",
      pages          = "074024",
      doi            = "10.1103/PhysRevD.82.074024",
      eprint         = "1007.2241",
      archivePrefix  = "arXiv",
      primaryClass   = "hep-ph",
      reportNumber   = "MSUHEP-100707, SMU-HEP-10-10",
      SLACcitation   = "%%CITATION = ARXIV:1007.2241;%%"
}

% Nuclear PDF
@article{Eskola:2009uj,
      author         = "Eskola, K. J. and Paukkunen, H. and Salgado, C. A.",
      title          = "{EPS09: A New Generation of NLO and LO Nuclear Parton
                        Distribution Functions}",
      journal        = "JHEP",
      volume         = "04",
      year           = "2009",
      pages          = "065",
      doi            = "10.1088/1126-6708/2009/04/065",
      eprint         = "0902.4154",
      archivePrefix  = "arXiv",
      primaryClass   = "hep-ph",
      SLACcitation   = "%%CITATION = ARXIV:0902.4154;%%"
}


%%%%%%%%%%%%%%%%%%%%%%%%%%%%%%%%%%%%%%%%%%%%%%%%%%%%%%%%%%%%%
% TRENTo
@article{Moreland:2014oya,
      author         = "Moreland, J. Scott and Bernhard, Jonah E. and Bass,
                        Steffen A.",
      title          = "{Alternative ansatz to wounded nucleon and binary
                        collision scaling in high-energy nuclear collisions}",
      journal        = "Phys. Rev.",
      volume         = "C92",
      year           = "2015",
      number         = "1",
      pages          = "011901",
      doi            = "10.1103/PhysRevC.92.011901",
      eprint         = "1412.4708",
      archivePrefix  = "arXiv",
      primaryClass   = "nucl-th",
      SLACcitation   = "%%CITATION = ARXIV:1412.4708;%%"
}

@article{PhysRevC.96.044912,
  title = {Constraints on rapidity-dependent initial conditions from charged-particle pseudorapidity densities and two-particle correlations},
  author = {Ke, Weiyao and Moreland, J. Scott and Bernhard, Jonah E. and Bass, Steffen A.},
  journal = {Phys. Rev. C},
  volume = {96},
  issue = {4},
  pages = {044912},
  numpages = {16},
  year = {2017},
  month = {Oct},
  publisher = {American Physical Society},
  doi = {10.1103/PhysRevC.96.044912},
  url = {https://link.aps.org/doi/10.1103/PhysRevC.96.044912}
}

@article{Moreland:2018gsh,
      author         = "Moreland, J. Scott and Bernhard, Jonah E. and Bass,
                        Steffen A.",
      title          = "{Estimating initial state and quark-gluon plasma medium
                        properties using a hybrid model with nucleon substructure
                        calibrated to $p$-Pb and Pb-Pb collisions at
                        $\sqrt{s_{NN}}=5.02$ TeV}",
      year           = "2018",
      eprint         = "1808.02106",
      archivePrefix  = "arXiv",
      primaryClass   = "nucl-th",
      SLACcitation   = "%%CITATION = ARXIV:1808.02106;%%"
}

% Early hydro application
@article{Teaney:2001av,
      author         = "Teaney, D. and Lauret, J. and Shuryak, E. V.",
      title          = "{A Hydrodynamic description of heavy ion collisions at
                        the SPS and RHIC}",
      year           = "2001",
      eprint         = "nucl-th/0110037",
      archivePrefix  = "arXiv",
      primaryClass   = "nucl-th",
      SLACcitation   = "%%CITATION = NUCL-TH/0110037;%%"
}

% vishnew
@article{Song:2007ux,
      author         = "Song, Huichao and Heinz, Ulrich W.",
      title          = "{Causal viscous hydrodynamics in 2+1 dimensions for
                        relativistic heavy-ion collisions}",
      journal        = "Phys. Rev.",
      volume         = "C77",
      year           = "2008",
      pages          = "064901",
      doi            = "10.1103/PhysRevC.77.064901",
      eprint         = "0712.3715",
      archivePrefix  = "arXiv",
      primaryClass   = "nucl-th",
      reportNumber   = "CERN-PH-TH-2007-269",
      SLACcitation   = "%%CITATION = ARXIV:0712.3715;%%"
}
% vishnew formulation
@article{Heinz:2005bw,
      author         = "Heinz, Ulrich W. and Song, Huichao and Chaudhuri, Asis
                        K.",
      title          = "{Dissipative hydrodynamics for viscous relativistic
                        fluids}",
      journal        = "Phys. Rev.",
      volume         = "C73",
      year           = "2006",
      pages          = "034904",
      doi            = "10.1103/PhysRevC.73.034904",
      eprint         = "nucl-th/0510014",
      archivePrefix  = "arXiv",
      primaryClass   = "nucl-th",
      SLACcitation   = "%%CITATION = NUCL-TH/0510014;%%"
}
% MUSIC
@article{Schenke:2010nt,
      author         = "Schenke, Bjoern and Jeon, Sangyong and Gale, Charles",
      title          = "{(3+1)D hydrodynamic simulation of relativistic heavy-ion
                        collisions}",
      journal        = "Phys. Rev.",
      volume         = "C82",
      year           = "2010",
      pages          = "014903",
      doi            = "10.1103/PhysRevC.82.014903",
      eprint         = "1004.1408",
      archivePrefix  = "arXiv",
      primaryClass   = "hep-ph",
      SLACcitation   = "%%CITATION = ARXIV:1004.1408;%%"
}
% vHLLE
@article{Karpenko:2013wva,
      author         = "Karpenko, Iu. and Huovinen, P. and Bleicher, M.",
      title          = "{A 3+1 dimensional viscous hydrodynamic code for
                        relativistic heavy ion collisions}",
      journal        = "Comput. Phys. Commun.",
      volume         = "185",
      year           = "2014",
      pages          = "3016-3027",
      doi            = "10.1016/j.cpc.2014.07.010",
      eprint         = "1312.4160",
      archivePrefix  = "arXiv",
      primaryClass   = "nucl-th",
      SLACcitation   = "%%CITATION = ARXIV:1312.4160;%%"
}
% Bjorken flow
@article{PhysRevD.27.140,
  title = {Highly relativistic nucleus-nucleus collisions: The central rapidity region},
  author = {Bjorken, J. D.},
  journal = {Phys. Rev. D},
  volume = {27},
  issue = {1},
  pages = {140--151},
  numpages = {0},
  year = {1983},
  month = {Jan},
  publisher = {American Physical Society},
  doi = {10.1103/PhysRevD.27.140},
  url = {https://link.aps.org/doi/10.1103/PhysRevD.27.140}
}
	
% PHENIX p+Au, d+Au He3+Au
@article{Adare:2018toe,
      author         = "Adare, A. and others",
      title          = "{Pseudorapidity Dependence of Particle Production and
                        Elliptic Flow in Asymmetric Nuclear Collisions of
                        $p$$+$Al, $p$$+$Au, $d$$+$Au, and $^{3}$He$+$Au at
                        $\sqrt{s_{_{NN}}}=200$ GeV}",
      collaboration  = "PHENIX",
      journal        = "Phys. Rev. Lett.",
      volume         = "121",
      year           = "2018",
      number         = "22",
      pages          = "222301",
      doi            = "10.1103/PhysRevLett.121.222301",
      eprint         = "1807.11928",
      archivePrefix  = "arXiv",
      primaryClass   = "nucl-ex",
      SLACcitation   = "%%CITATION = ARXIV:1807.11928;%%"
}
% ATLAS p+Pb
@article{Aad:2015zza,
      author         = "Aad, Georges and others",
      title          = "{Measurement of the centrality dependence of the
                        charged-particle pseudorapidity distribution in
                        proton--lead collisions at $\sqrt{s_{_{\rm{NN}}}} = 5.02$
                        TeV with the ATLAS detector}",
      collaboration  = "ATLAS",
      year           = "2015",
      eprint         = "1508.00848",
      archivePrefix  = "arXiv",
      primaryClass   = "hep-ex",
      reportNumber   = "CERN-PH-EP-2015-160",
      SLACcitation   = "%%CITATION = ARXIV:1508.00848;%%"
}

 
% Frzout physics
@article{Pratt:2014vja,
      author         = "Pratt, Scott",
      title          = "{Accounting for backflow in hydrodynamic-Boltzmann
                        interfaces}",
      journal        = "Phys. Rev.",
      volume         = "C89",
      year           = "2014",
      number         = "2",
      pages          = "024910",
      doi            = "10.1103/PhysRevC.89.024910",
      eprint         = "1401.0316",
      archivePrefix  = "arXiv",
      primaryClass   = "nucl-th",
      SLACcitation   = "%%CITATION = ARXIV:1401.0316;%%"
}

@article{Pratt:2010jt,
      author         = "Pratt, Scott and Torrieri, Giorgio",
      title          = "{Coupling Relativistic Viscous Hydrodynamics to Boltzmann
                        Descriptions}",
      journal        = "Phys. Rev.",
      volume         = "C82",
      year           = "2010",
      pages          = "044901",
      doi            = "10.1103/PhysRevC.82.044901",
      eprint         = "1003.0413",
      archivePrefix  = "arXiv",
      primaryClass   = "nucl-th",
      SLACcitation   = "%%CITATION = ARXIV:1003.0413;%%"
}

%%%%%%%%%%%%%%%%%%%%%%%%%%%%%%%%% 3dref
@article{Ryu:2015vwa,
      author         = "Ryu, S. and Paquet, J. -F. and Shen, C. and Denicol, G.
                        S. and Schenke, B. and Jeon, S. and Gale, C.",
      title          = "{Importance of the Bulk Viscosity of QCD in
                        Ultrarelativistic Heavy-Ion Collisions}",
      journal        = "Phys. Rev. Lett.",
      volume         = "115",
      year           = "2015",
      number         = "13",
      pages          = "132301",
      doi            = "10.1103/PhysRevLett.115.132301",
      eprint         = "1502.01675",
      archivePrefix  = "arXiv",
      primaryClass   = "nucl-th",
      SLACcitation   = "%%CITATION = ARXIV:1502.01675;%%"
}

@article{Mantysaari:2017cni,
      author         = "M√§ntysaari, Heikki and Schenke, Bj√∂rn and Shen, Chun
                        and Tribedy, Prithwish",
      title          = "{Imprints of fluctuating proton shapes on flow in
                        proton-lead collisions at the LHC}",
      journal        = "Phys. Lett.",
      volume         = "B772",
      year           = "2017",
      pages          = "681-686",
      doi            = "10.1016/j.physletb.2017.07.038",
      eprint         = "1705.03177",
      archivePrefix  = "arXiv",
      primaryClass   = "nucl-th",
      SLACcitation   = "%%CITATION = ARXIV:1705.03177;%%"
}


@book{Jeffreys:1961,  
  title="{The Theory of Probablity}",
  author="Harold Jeffreys",
  isbn={0198531931},
  series={The International series of monographs on physics},
  year={1961},
  edition={3rd ed},
  pages={432},
  publisher={Oxford}
}


@article{Gardim:2016nrr,
      author         = "Gardim, Fernando G. and Grassi, Frederique and Luzum,
                        Matthew and Noronha-Hostler, Jacquelyn",
      title          = "{Hydrodynamic Predictions for Mixed Harmonic Correlations
                        in 200 GeV Au+Au Collisions}",
      journal        = "Phys. Rev.",
      volume         = "C95",
      year           = "2017",
      number         = "3",
      pages          = "034901",
      doi            = "10.1103/PhysRevC.95.034901",
      eprint         = "1608.02982",
      archivePrefix  = "arXiv",
      primaryClass   = "nucl-th",
      SLACcitation   = "%%CITATION = ARXIV:1608.02982;%%"
}


@article{Zhu:2016puf,
      author         = "Zhu, Xiangrong and Zhou, You and Xu, Haojie and Song,
                        Huichao",
      title          = "{Correlations of flow harmonics in 2.76A TeV Pb--Pb
                        collisions}",
      journal        = "Phys. Rev.",
      volume         = "C95",
      year           = "2017",
      number         = "4",
      pages          = "044902",
      doi            = "10.1103/PhysRevC.95.044902",
      eprint         = "1608.05305",
      archivePrefix  = "arXiv",
      primaryClass   = "nucl-th",
      SLACcitation   = "%%CITATION = ARXIV:1608.05305;%%"
}

@article{Bzdak:2012tp,
      author         = "Bzdak, Adam and Teaney, Derek",
      title          = "{Longitudinal fluctuations of the fireball density in
                        heavy-ion collisions}",
      journal        = "Phys. Rev.",
      volume         = "C87",
      year           = "2013",
      number         = "2",
      pages          = "024906",
      doi            = "10.1103/PhysRevC.87.024906",
      eprint         = "1210.1965",
      archivePrefix  = "arXiv",
      primaryClass   = "nucl-th",
      reportNumber   = "RBRC-971",
      SLACcitation   = "%%CITATION = ARXIV:1210.1965;%%"
}

@article{Bilandzic:2013kga,
      author         = "Bilandzic, Ante and Christensen, Christian Holm and
                        Gulbrandsen, Kristjan and Hansen, Alexander and Zhou, You",
      title          = "{Generic framework for anisotropic flow analyses with
                        multiparticle azimuthal correlations}",
      journal        = "Phys. Rev.",
      volume         = "C89",
      year           = "2014",
      number         = "6",
      pages          = "064904",
      doi            = "10.1103/PhysRevC.89.064904",
      eprint         = "1312.3572",
      archivePrefix  = "arXiv",
      primaryClass   = "nucl-ex",
      SLACcitation   = "%%CITATION = ARXIV:1312.3572;%%"
}


@article{Niemi:2012aj,
      author         = "Niemi, H. and Denicol, G. S. and Holopainen, H. and
                        Huovinen, P.",
      title          = "{Event-by-event distributions of azimuthal asymmetries in
                        ultrarelativistic heavy-ion collisions}",
      journal        = "Phys. Rev.",
      volume         = "C87",
      year           = "2013",
      number         = "5",
      pages          = "054901",
      doi            = "10.1103/PhysRevC.87.054901",
      eprint         = "1212.1008",
      archivePrefix  = "arXiv",
      primaryClass   = "nucl-th",
      SLACcitation   = "%%CITATION = ARXIV:1212.1008;%%"
}

@ARTICLE{2014arXiv1403.6015A,
   author = {{Ambikasaran}, S. and {Foreman-Mackey}, D. and {Greengard}, L. and 
	{Hogg}, D.~W. and {O'Neil}, M.},
    title = "{Fast Direct Methods for Gaussian Processes}",
  journal = {ArXiv e-prints},
archivePrefix = "arXiv",
   eprint = {1403.6015},
 primaryClass = "math.NA",
 keywords = {Mathematics - Numerical Analysis, Astrophysics - Instrumentation and Methods for Astrophysics, Mathematics - Statistics Theory},
     year = 2014,
    month = mar,
   adsurl = {http://adsabs.harvard.edu/abs/2014arXiv1403.6015A},
  adsnote = {Provided by the SAO/NASA Astrophysics Data System}
}


@article{Jia:2014ysa,
      author         = "Jia, Jiangyong and Huo, Peng",
      title          = "{Forward-backward eccentricity and participant-plane
                        angle fluctuations and their influences on longitudinal
                        dynamics of collective flow}",
      journal        = "Phys. Rev.",
      volume         = "C90",
      year           = "2014",
      number         = "3",
      pages          = "034915",
      doi            = "10.1103/PhysRevC.90.034915",
      eprint         = "1403.6077",
      archivePrefix  = "arXiv",
      primaryClass   = "nucl-th",
      SLACcitation   = "%%CITATION = ARXIV:1403.6077;%%"
}

@article{Schukraft:2012ah,
      author         = "Schukraft, Jurgen and Timmins, Anthony and Voloshin,
                        Sergei A.",
      title          = "{Ultra-relativistic nuclear collisions: event shape
                        engineering}",
      journal        = "Phys. Lett.",
      volume         = "B719",
      year           = "2013",
      pages          = "394-398",
      doi            = "10.1016/j.physletb.2013.01.045",
      eprint         = "1208.4563",
      archivePrefix  = "arXiv",
      primaryClass   = "nucl-ex",
      SLACcitation   = "%%CITATION = ARXIV:1208.4563;%%"
}

@article{Aad:2015lwa,
      author         = "Aad, Georges and others",
      title          = "{Measurement of the correlation between flow harmonics of
                        different order in lead-lead collisions at
                        $\sqrt{s_{NN}}$=2.76 TeV with the ATLAS detector}",
      collaboration  = "ATLAS",
      journal        = "Phys. Rev.",
      volume         = "C92",
      year           = "2015",
      number         = "3",
      pages          = "034903",
      doi            = "10.1103/PhysRevC.92.034903",
      eprint         = "1504.01289",
      archivePrefix  = "arXiv",
      primaryClass   = "hep-ex",
      reportNumber   = "CERN-PH-EP-2015-079",
      SLACcitation   = "%%CITATION = ARXIV:1504.01289;%%"
}

@article{Zhou:2016eiz,
      author         = "Zhou, You",
      title          = "{Review of anisotropic flow correlations in
                        ultrarelativistic heavy-ion collisions}",
      journal        = "Adv. High Energy Phys.",
      volume         = "2016",
      year           = "2016",
      pages          = "9365637",
      doi            = "10.1155/2016/9365637",
      eprint         = "1607.05613",
      archivePrefix  = "arXiv",
      primaryClass   = "nucl-ex",
      SLACcitation   = "%%CITATION = ARXIV:1607.05613;%%"
}

@article{Zhou:2015eya,
      author         = "Zhou, You and Xiao, Kai and Feng, Zhao and Liu, Feng and
                        Snellings, Raimond",
      title          = "{Anisotropic distributions in a multiphase transport
                        model}",
      journal        = "Phys. Rev.",
      volume         = "C93",
      year           = "2016",
      number         = "3",
      pages          = "034909",
      doi            = "10.1103/PhysRevC.93.034909",
      eprint         = "1508.03306",
      archivePrefix  = "arXiv",
      primaryClass   = "nucl-ex",
      SLACcitation   = "%%CITATION = ARXIV:1508.03306;%%"
}

@article{Bhalerao:2014xra,
      author         = "Bhalerao, Rajeev S. and Ollitrault, Jean-Yves and Pal,
                        Subrata",
      title          = "{Characterizing flow fluctuations with moments}",
      journal        = "Phys. Lett.",
      volume         = "B742",
      year           = "2015",
      pages          = "94-98",
      doi            = "10.1016/j.physletb.2015.01.019",
      eprint         = "1411.5160",
      archivePrefix  = "arXiv",
      primaryClass   = "nucl-th",
      reportNumber   = "SACLAY-T14-233",
      SLACcitation   = "%%CITATION = ARXIV:1411.5160;%%"
}

@article{Qian:2016fpi,
      author         = "Qian, Jing and Heinz, Ulrich W. and Liu, Jia",
      title          = "{Mode-coupling effects in anisotropic flow in heavy-ion
                        collisions}",
      journal        = "Phys. Rev.",
      volume         = "C93",
      year           = "2016",
      number         = "6",
      pages          = "064901",
      doi            = "10.1103/PhysRevC.93.064901",
      eprint         = "1602.02813",
      archivePrefix  = "arXiv",
      primaryClass   = "nucl-th",
      SLACcitation   = "%%CITATION = ARXIV:1602.02813;%%"
}


@article{Hirano:2012kj,
      author         = "Hirano, Tetsufumi and Huovinen, Pasi and Murase, Koichi
                        and Nara, Yasushi",
      title          = "{Integrated Dynamical Approach to Relativistic Heavy Ion
                        Collisions}",
      journal        = "Prog. Part. Nucl. Phys.",
      volume         = "70",
      year           = "2013",
      pages          = "108-158",
      doi            = "10.1016/j.ppnp.2013.02.002",
      eprint         = "1204.5814",
      archivePrefix  = "arXiv",
      primaryClass   = "nucl-th",
      SLACcitation   = "%%CITATION = ARXIV:1204.5814;%%"
}


@article{Dumitru:2011wq,
      author         = "Dumitru, Adrian and Kharzeev, Dmitri E. and Levin, Eugene
                        M. and Nara, Yasushi",
      title          = "{Gluon Saturation in $pA$ Collisions at the LHC: KLN
                        Model Predictions For Hadron Multiplicities}",
      journal        = "Phys. Rev.",
      volume         = "C85",
      year           = "2012",
      pages          = "044920",
      doi            = "10.1103/PhysRevC.85.044920",
      eprint         = "1111.3031",
      archivePrefix  = "arXiv",
      primaryClass   = "hep-ph",
      SLACcitation   = "%%CITATION = ARXIV:1111.3031;%%"
}

@article{Niemi:2015voa,
      author         = "Niemi, H. and Eskola, K. J. and Paatelainen, R. and
                        Tuominen, K.",
      title          = "{Predictions for 5.023 TeV Pb + Pb collisions at the
                        CERN Large Hadron Collider}",
      journal        = "Phys. Rev.",
      volume         = "C93",
      year           = "2016",
      number         = "1",
      pages          = "014912",
      doi            = "10.1103/PhysRevC.93.014912",
      eprint         = "1511.04296",
      archivePrefix  = "arXiv",
      primaryClass   = "hep-ph",
      SLACcitation   = "%%CITATION = ARXIV:1511.04296;%%"
}

@article{ALICE:2011ab,
      author         = "Aamodt, K. and others",
      title          = "{Higher harmonic anisotropic flow measurements of charged
                        particles in Pb-Pb collisions at $\sqrt{s_{NN}}$=2.76
                        TeV}",
      collaboration  = "ALICE",
      journal        = "Phys. Rev. Lett.",
      volume         = "107",
      year           = "2011",
      pages          = "032301",
      doi            = "10.1103/PhysRevLett.107.032301",
      eprint         = "1105.3865",
      archivePrefix  = "arXiv",
      primaryClass   = "nucl-ex",
      reportNumber   = "CERN-PH-EP-2011-073",
      SLACcitation   = "%%CITATION = ARXIV:1105.3865;%%"
}


@article{Noronha-Hostler:2015uye,
      author         = "Noronha-Hostler, Jacquelyn and Luzum, Matthew and
                        Ollitrault, Jean-Yves",
      title          = "{Hydrodynamic predictions for 5.02 TeV Pb-Pb collisions}",
      journal        = "Phys. Rev.",
      volume         = "C93",
      year           = "2016",
      number         = "3",
      pages          = "034912",
      doi            = "10.1103/PhysRevC.93.034912",
      eprint         = "1511.06289",
      archivePrefix  = "arXiv",
      primaryClass   = "nucl-th",
      reportNumber   = "INT-PUB-15-067",
      SLACcitation   = "%%CITATION = ARXIV:1511.06289;%%"
}

@article{Petersen:2008dd,
      author         = "Petersen, Hannah and Steinheimer, Jan and Burau, Gerhard
                        and Bleicher, Marcus and Stocker, Horst",
      title          = "{A Fully Integrated Transport Approach to Heavy Ion
                        Reactions with an Intermediate Hydrodynamic Stage}",
      journal        = "Phys. Rev.",
      volume         = "C78",
      year           = "2008",
      pages          = "044901",
      doi            = "10.1103/PhysRevC.78.044901",
      eprint         = "0806.1695",
      archivePrefix  = "arXiv",
      primaryClass   = "nucl-th",
      SLACcitation   = "%%CITATION = ARXIV:0806.1695;%%"
}


@article{Adam:2016ows,
      author         = "Adam, Jaroslav and others",
      title          = "{Pseudorapidity dependence of the anisotropic flow of
                        charged particles in Pb-Pb collisions at $\sqrt{s_{\rm
                        NN}}=2.76$ TeV}",
      collaboration  = "ALICE",
      journal        = "Phys. Lett.",
      volume         = "B762",
      year           = "2016",
      pages          = "376-388",
      doi            = "10.1016/j.physletb.2016.07.017",
      eprint         = "1605.02035",
      archivePrefix  = "arXiv",
      primaryClass   = "nucl-ex",
      reportNumber   = "CERN-EP-2016-115",
      SLACcitation   = "%%CITATION = ARXIV:1605.02035;%%"
}

@article{ALICE:2016kpq,
      author         = "Adam, Jaroslav and others",
      title          = "{Correlated event-by-event fluctuations of flow harmonics
                        in Pb-Pb collisions at $\sqrt{s_{_{\rm NN}}}=2.76$ TeV}",
      collaboration  = "ALICE",
      year           = "2016",
      eprint         = "1604.07663",
      archivePrefix  = "arXiv",
      primaryClass   = "nucl-ex",
      reportNumber   = "CERN-EP-2016-102",
      SLACcitation   = "%%CITATION = ARXIV:1604.07663;%%"
}

@article{Giacalone:2016afq,
      author         = "Giacalone, Giuliano and Yan, Li and Noronha-Hostler,
                        Jacquelyn and Ollitrault, Jean-Yves",
      title          = "{Symmetric cumulants and event-plane correlations in Pb +
                        Pb collisions}",
      journal        = "Phys. Rev.",
      volume         = "C94",
      year           = "2016",
      number         = "1",
      pages          = "014906",
      doi            = "10.1103/PhysRevC.94.014906",
      eprint         = "1605.08303",
      archivePrefix  = "arXiv",
      primaryClass   = "nucl-th",
      reportNumber   = "SACLAY-T16-042",
      SLACcitation   = "%%CITATION = ARXIV:1605.08303;%%"
}

@article{Zhu:2016kix,
      author         = "Zhu, Xiangrong and Zhou, You and Xu, Haojie and Song,
                        Huichao",
      title          = "{Investigating the correlations of flow harmonics in
                        2.76A TeV Pb--Pb collisions}",
      year           = "2016",
      eprint         = "1609.02628",
      archivePrefix  = "arXiv",
      primaryClass   = "nucl-th",
      SLACcitation   = "%%CITATION = ARXIV:1609.02628;%%"
}


@article{Zhou:2015slf,
      author         = "Zhou, You",
      title          = "{Measurements of correlations of anisotropic flow
                        harmonics in Pb--Pb Collisions with ALICE}",
      booktitle      = "{Proceedings, 25th International Conference on
                        Ultra-Relativistic Nucleus-Nucleus Collisions (Quark
                        Matter 2015): Kobe, Japan, September 27-October 3, 2015}",
      collaboration  = "ALICE",
      journal        = "Nucl. Phys.",
      volume         = "A956",
      year           = "2016",
      pages          = "296-299",
      doi            = "10.1016/j.nuclphysa.2016.01.018",
      eprint         = "1512.05397",
      archivePrefix  = "arXiv",
      primaryClass   = "nucl-ex",
      SLACcitation   = "%%CITATION = ARXIV:1512.05397;%%"
}


@article{Dave:pca,
author = "Dave Higdon and James Gattiker and Brian Williams and Maria Rightley",
title = "Computer Model Calibration Using High-Dimensional Output",
journal = "Journal of the American Statistical Association",
volume = "103",
number = "482",
pages = "570-583",
year = "2008"
}

@article{hodlr,
    author = "Ambikasaran, S. and Foreman-Mackey, D. and
              Greengard, L. and Hogg, D. W. and O'Neil, M.",
     title = "Fast Direct Methods for Gaussian Processes and the Analysis
               of NASA Kepler Mission Data",
      year = "2014",
     month = "mar",
       url = "http://arxiv.org/abs/1403.6015"
}

@article{emcee,
  author={Daniel Foreman-Mackey and David W. Hogg and Dustin Lang and Jonathan Goodman},
  title={emcee: The MCMC Hammer},
  journal={Publications of the Astronomical Society of the Pacific},
  volume={125},
  number={925},
  pages={306},
  url={http://stacks.iop.org/1538-3873/125/i=925/a=306},
  year={2013}
}
	



@article{Abbas:2013bpa,
      author         = "Abbas, Ehab and others",
      title          = "{Centrality dependence of the pseudorapidity density
                        distribution for charged particles in Pb-Pb collisions at
                        $\sqrt{s_{\rm NN}}$ = 2.76 TeV}",
      collaboration  = "ALICE",
      journal        = "Phys. Lett.",
      volume         = "B726",
      year           = "2013",
      pages          = "610-622",
      doi            = "10.1016/j.physletb.2013.09.022",
      eprint         = "1304.0347",
      archivePrefix  = "arXiv",
      primaryClass   = "nucl-ex",
      reportNumber   = "CERN-PH-EP-2013-045",
      SLACcitation   = "%%CITATION = ARXIV:1304.0347;%%"
}

@inproceedings{SoorajRadhakrishnanfortheATLAS:2015eqq,
      author         = "Radhakrishnan, Sooraj",
      title          = "{Measurement of two particle pseudorapidity correlations
                        in Pb+Pb collisions at $\sqrt{s_{NN}}$ = 2.76 TeV with the
                        ATLAS detector}",
      booktitle      = "{Proceedings, 7th International Conference on Hard and
                        Electromagnetic Probes of High-Energy Nuclear Collisions
                        (Hard Probes 2015): Montr√©al, Qu√©bec, Canada, June
                        29-July 3, 2015}",
      collaboration  = "ATLAS",
      year           = "2016",
      url            = "https://inspirehep.net/record/1402414/files/arXiv:1511.00361.pdf",
      doi            = "10.1016/j.nuclphysbps.2016.05.024",
      eprint         = "1511.00361",
      archivePrefix  = "arXiv",
      primaryClass   = "nucl-ex",
      SLACcitation   = "%%CITATION = ARXIV:1511.00361;%%"
}


@inproceedings{Jia:2016jlg,
      author         = "Jia, Jiangyong",
      title          = "{Forward-backward multiplicity correlations in pp, pPb
                        and Pb+Pb collisions with the ATLAS detector}",
      booktitle      = "{25th International Conference on Ultra-Relativistic
                        Nucleus-Nucleus Collisions (Quark Matter 2015) Kobe,
                        Japan, September 27-October 3, 2015}",
      collaboration  = "ATLAS",
      url            = "https://inspirehep.net/record/1413765/files/arXiv:1601.01296.pdf",
      year           = "2016",
      eprint         = "1601.01296",
      archivePrefix  = "arXiv",
      primaryClass   = "nucl-ex",
      SLACcitation   = "%%CITATION = ARXIV:1601.01296;%%"
}


@article{Monnai:2015sca,
      author         = "Monnai, Akihiko and Schenke, Bjoern",
      title          = "{Pseudorapidity correlations in heavy ion collisions from
                        viscous fluid dynamics}",
      journal        = "Phys. Lett.",
      volume         = "B752",
      year           = "2016",
      pages          = "317-321",
      doi            = "10.1016/j.physletb.2015.11.063",
      eprint         = "1509.04103",
      archivePrefix  = "arXiv",
      primaryClass   = "nucl-th",
      SLACcitation   = "%%CITATION = ARXIV:1509.04103;%%"
}


@article{Xiao:2012uw,
      author         = "Xiao, Kai and Liu, Feng and Wang, Fuqiang",
      title          = "{Event-plane decorrelation over pseudorapidity and its
                        effect on azimuthal anisotropy measurements in
                        relativistic heavy-ion collisions}",
      journal        = "Phys. Rev.",
      volume         = "C87",
      year           = "2013",
      number         = "1",
      pages          = "011901",
      doi            = "10.1103/PhysRevC.87.011901",
      eprint         = "1208.1195",
      archivePrefix  = "arXiv",
      primaryClass   = "nucl-th",
      SLACcitation   = "%%CITATION = ARXIV:1208.1195;%%"
}


@article{Pang:2015zrq,
      author         = "Pang, Long-Gang and Petersen, Hannah and Qin, Guang-You
                        and Roy, Victor and Wang, Xin-Nian",
      title          = "{Decorrelation of anisotropic flow along the longitudinal
                        direction}",
      journal        = "Eur. Phys. J.",
      volume         = "A52",
      year           = "2016",
      number         = "4",
      pages          = "97",
      doi            = "10.1140/epja/i2016-16097-x",
      eprint         = "1511.04131",
      archivePrefix  = "arXiv",
      primaryClass   = "nucl-th",
      SLACcitation   = "%%CITATION = ARXIV:1511.04131;%%"
}


@article{Bozek:2015bna,
      author         = "Bozek, Piotr and Broniowski, Wojciech",
      title          = "{The torque effect and fluctuations of entropy deposition
                        in rapidity in ultra-relativistic nuclear collisions}",
      journal        = "Phys. Lett.",
      volume         = "B752",
      year           = "2016",
      pages          = "206-211",
      doi            = "10.1016/j.physletb.2015.11.054",
      eprint         = "1506.02817",
      archivePrefix  = "arXiv",
      primaryClass   = "nucl-th",
      SLACcitation   = "%%CITATION = ARXIV:1506.02817;%%"
}

@article{Jia:2015jga,
      author         = "Jia, Jiangyong and Radhakrishnan, Sooraj and Zhou,
                        Mingliang",
      title          = "{Forward-backward multiplicity fluctuation and
                        longitudinal harmonics in high-energy nuclear collisions}",
      journal        = "Phys. Rev.",
      volume         = "C93",
      year           = "2016",
      number         = "4",
      pages          = "044905",
      doi            = "10.1103/PhysRevC.93.044905",
      eprint         = "1506.03496",
      archivePrefix  = "arXiv",
      primaryClass   = "nucl-th",
      SLACcitation   = "%%CITATION = ARXIV:1506.03496;%%"
}

@article{Muronga:2004sf,
      author         = "Muronga, Azwinndini and Rischke, Dirk H.",
      title          = "{Evolution of hot, dissipative quark matter in
                        relativistic nuclear collisions}",
      year           = "2004",
      eprint         = "nucl-th/0407114",
      archivePrefix  = "arXiv",
      primaryClass   = "nucl-th",
      SLACcitation   = "%%CITATION = NUCL-TH/0407114;%%"
}

@article{Chaudhuri:2006jd,
      author         = "Chaudhuri, A. K.",
      title          = "{Dissipative hydrodynamics in 2+1 dimension}",
      journal        = "Phys. Rev.",
      volume         = "C74",
      year           = "2006",
      pages          = "044904",
      doi            = "10.1103/PhysRevC.74.044904",
      eprint         = "nucl-th/0604014",
      archivePrefix  = "arXiv",
      primaryClass   = "nucl-th",
      SLACcitation   = "%%CITATION = NUCL-TH/0604014;%%"
}

@article{Romatschke:2007mq,
      author         = "Romatschke, Paul and Romatschke, Ulrike",
      title          = "{Viscosity Information from Relativistic Nuclear
                        Collisions: How Perfect is the Fluid Observed at RHIC?}",
      journal        = "Phys. Rev. Lett.",
      volume         = "99",
      year           = "2007",
      pages          = "172301",
      doi            = "10.1103/PhysRevLett.99.172301",
      eprint         = "0706.1522",
      archivePrefix  = "arXiv",
      primaryClass   = "nucl-th",
      reportNumber   = "INT-PUB-07-14",
      SLACcitation   = "%%CITATION = ARXIV:0706.1522;%%"
}

@article{Dusling:2007gi,
      author         = "Dusling, K. and Teaney, D.",
      title          = "{Simulating elliptic flow with viscous hydrodynamics}",
      journal        = "Phys. Rev.",
      volume         = "C77",
      year           = "2008",
      pages          = "034905",
      doi            = "10.1103/PhysRevC.77.034905",
      eprint         = "0710.5932",
      archivePrefix  = "arXiv",
      primaryClass   = "nucl-th",
      SLACcitation   = "%%CITATION = ARXIV:0710.5932;%%"
}

@article{Luzum:2008cw,
      author         = "Luzum, Matthew and Romatschke, Paul",
      title          = "{Conformal Relativistic Viscous Hydrodynamics:
                        Applications to RHIC results at s(NN)**(1/2) = 200-GeV}",
      journal        = "Phys. Rev.",
      volume         = "C78",
      year           = "2008",
      pages          = "034915",
      doi            = "10.1103/PhysRevC.78.034915, 10.1103/PhysRevC.79.039903",
      note           = "[Erratum: Phys. Rev.C79,039903(2009)]",
      eprint         = "0804.4015",
      archivePrefix  = "arXiv",
      primaryClass   = "nucl-th",
      reportNumber   = "INT-08-07, NT-UW-08-10",
      SLACcitation   = "%%CITATION = ARXIV:0804.4015;%%"
}

@article{Gale:2012rq,
      author         = "Gale, Charles and Jeon, Sangyong and Schenke, Bj√∂rn and
                        Tribedy, Prithwish and Venugopalan, Raju",
      title          = "{Event-by-event anisotropic flow in heavy-ion collisions
                        from combined Yang-Mills and viscous fluid dynamics}",
      journal        = "Phys. Rev. Lett.",
      volume         = "110",
      year           = "2013",
      number         = "1",
      pages          = "012302",
      doi            = "10.1103/PhysRevLett.110.012302",
      eprint         = "1209.6330",
      archivePrefix  = "arXiv",
      primaryClass   = "nucl-th",
      SLACcitation   = "%%CITATION = ARXIV:1209.6330;%%"
}

@article{Niemi:2015qia,
      author         = "Niemi, H. and Eskola, K. J. and Paatelainen, R.",
      title          = "{Event-by-event fluctuations in a perturbative QCD +
                        saturation + hydrodynamics model: Determining QCD matter
                        shear viscosity in ultrarelativistic heavy-ion
                        collisions}",
      journal        = "Phys. Rev.",
      volume         = "C93",
      year           = "2016",
      number         = "2",
      pages          = "024907",
      doi            = "10.1103/PhysRevC.93.024907",
      eprint         = "1505.02677",
      archivePrefix  = "arXiv",
      primaryClass   = "hep-ph",
      SLACcitation   = "%%CITATION = ARXIV:1505.02677;%%"
}

@article{Bhalerao:2015iya,
      author         = "Bhalerao, Rajeev S. and Jaiswal, Amaresh and Pal,
                        Subrata",
      title          = "{Collective flow in event-by-event partonic transport
                        plus hydrodynamics hybrid approach}",
      journal        = "Phys. Rev.",
      volume         = "C92",
      year           = "2015",
      number         = "1",
      pages          = "014903",
      doi            = "10.1103/PhysRevC.92.014903",
      eprint         = "1503.03862",
      archivePrefix  = "arXiv",
      primaryClass   = "nucl-th",
      reportNumber   = "TIFR-TH-15-07",
      SLACcitation   = "%%CITATION = ARXIV:1503.03862;%%"
}

@article{Miller:2007ri,
      author         = "Miller, Michael L. and Reygers, Klaus and Sanders,
                        Stephen J. and Steinberg, Peter",
      title          = "{Glauber modeling in high energy nuclear collisions}",
      journal        = "Ann. Rev. Nucl. Part. Sci.",
      volume         = "57",
      year           = "2007",
      pages          = "205-243",
      doi            = "10.1146/annurev.nucl.57.090506.123020",
      eprint         = "nucl-ex/0701025",
      archivePrefix  = "arXiv",
      primaryClass   = "nucl-ex",
      SLACcitation   = "%%CITATION = NUCL-EX/0701025;%%"
}

@article{Drescher:2006ca,
      author         = "Drescher, H. -J. and Nara, Y.",
      title          = "{Effects of fluctuations on the initial eccentricity from
                        the Color Glass Condensate in heavy ion collisions}",
      journal        = "Phys. Rev.",
      volume         = "C75",
      year           = "2007",
      pages          = "034905",
      doi            = "10.1103/PhysRevC.75.034905",
      eprint         = "nucl-th/0611017",
      archivePrefix  = "arXiv",
      primaryClass   = "nucl-th",
      SLACcitation   = "%%CITATION = NUCL-TH/0611017;%%"
}

@article{Schenke:2012wb,
      author         = "Schenke, Bjoern and Tribedy, Prithwish and Venugopalan,
                        Raju",
      title          = "{Fluctuating Glasma initial conditions and flow in heavy
                        ion collisions}",
      journal        = "Phys. Rev. Lett.",
      volume         = "108",
      year           = "2012",
      pages          = "252301",
      doi            = "10.1103/PhysRevLett.108.252301",
      eprint         = "1202.6646",
      archivePrefix  = "arXiv",
      primaryClass   = "nucl-th",
      SLACcitation   = "%%CITATION = ARXIV:1202.6646;%%"
}

@article{Chatterjee:2015aja,
      author         = "Chatterjee, Sandeep and Singh, Sushant Kumar and Ghosh,
                        Snigdha and Hasanujjaman, Md and Alam, Jane and Sarkar,
                        Sourav",
      title          = "{Initial condition from the shadowed Glauber model}",
      journal        = "Phys. Lett.",
      volume         = "B758",
      year           = "2016",
      pages          = "269-273",
      doi            = "10.1016/j.physletb.2016.05.022",
      eprint         = "1510.01311",
      archivePrefix  = "arXiv",
      primaryClass   = "nucl-th",
      SLACcitation   = "%%CITATION = ARXIV:1510.01311;%%"
}

@article{Aad:2014lta,
      author         = "Aad, Georges and others",
      title          = "{Measurement of long-range pseudorapidity correlations
                        and azimuthal harmonics in $\sqrt{s_{NN}}=5.02$ TeV
                        proton-lead collisions with the ATLAS detector}",
      collaboration  = "ATLAS",
      journal        = "Phys. Rev.",
      volume         = "C90",
      year           = "2014",
      number         = "4",
      pages          = "044906",
      doi            = "10.1103/PhysRevC.90.044906",
      eprint         = "1409.1792",
      archivePrefix  = "arXiv",
      primaryClass   = "hep-ex",
      reportNumber   = "CERN-PH-EP-2014-201",
      SLACcitation   = "%%CITATION = ARXIV:1409.1792;%%"
}

@article{Aad:2013fja,
      author         = "Aad, Georges and others",
      title          = "{Measurement with the ATLAS detector of multi-particle
                        azimuthal correlations in p+Pb collisions at
                        $\sqrt{s_{NN}}$ =5.02 TeV}",
      collaboration  = "ATLAS",
      journal        = "Phys. Lett.",
      volume         = "B725",
      year           = "2013",
      pages          = "60-78",
      doi            = "10.1016/j.physletb.2013.06.057",
      eprint         = "1303.2084",
      archivePrefix  = "arXiv",
      primaryClass   = "hep-ex",
      reportNumber   = "CERN-PH-EP-2013-029",
      SLACcitation   = "%%CITATION = ARXIV:1303.2084;%%"
}

@article{CMS:2012qk,
      author         = "Chatrchyan, Serguei and others",
      title          = "{Observation of long-range near-side angular correlations
                        in proton-lead collisions at the LHC}",
      collaboration  = "CMS",
      journal        = "Phys. Lett.",
      volume         = "B718",
      year           = "2013",
      pages          = "795-814",
      doi            = "10.1016/j.physletb.2012.11.025",
      eprint         = "1210.5482",
      archivePrefix  = "arXiv",
      primaryClass   = "nucl-ex",
      reportNumber   = "CMS-HIN-12-005, CERN-PH-EP-2012-320, CMS-HIN-12-015",
      SLACcitation   = "%%CITATION = ARXIV:1210.5482;%%"
}

@article{Chatrchyan:2013nka,
      author         = "Chatrchyan, Serguei and others",
      title          = "{Multiplicity and transverse momentum dependence of two-
                        and four-particle correlations in pPb and PbPb
                        collisions}",
      collaboration  = "CMS",
      journal        = "Phys. Lett.",
      volume         = "B724",
      year           = "2013",
      pages          = "213-240",
      doi            = "10.1016/j.physletb.2013.06.028",
      eprint         = "1305.0609",
      archivePrefix  = "arXiv",
      primaryClass   = "nucl-ex",
      reportNumber   = "CMS-HIN-13-002, CERN-PH-EP-2013-077",
      SLACcitation   = "%%CITATION = ARXIV:1305.0609;%%"
}

@article{Khachatryan:2015waa,
      author         = "Khachatryan, Vardan and others",
      title          = "{Evidence for Collective Multiparticle Correlations in
                        p-Pb Collisions}",
      collaboration  = "CMS",
      journal        = "Phys. Rev. Lett.",
      volume         = "115",
      year           = "2015",
      number         = "1",
      pages          = "012301",
      doi            = "10.1103/PhysRevLett.115.012301",
      eprint         = "1502.05382",
      archivePrefix  = "arXiv",
      primaryClass   = "nucl-ex",
      reportNumber   = "CMS-HIN-14-006, CERN-PH-EP-2015-011",
      SLACcitation   = "%%CITATION = ARXIV:1502.05382;%%"
}

@article{Khachatryan:2015oea,
      author         = "Khachatryan, Vardan and others",
      title          = "{Evidence for transverse momentum and pseudorapidity
                        dependent event plane fluctuations in PbPb and pPb
                        collisions}",
      collaboration  = "CMS",
      journal        = "Phys. Rev.",
      volume         = "C92",
      year           = "2015",
      number         = "3",
      pages          = "034911",
      doi            = "10.1103/PhysRevC.92.034911",
      eprint         = "1503.01692",
      archivePrefix  = "arXiv",
      primaryClass   = "nucl-ex",
      reportNumber   = "CMS-HIN-14-012, CERN-PH-EP-2015-039",
      SLACcitation   = "%%CITATION = ARXIV:1503.01692;%%"
}

@article{Khachatryan:2016ibd,
      author         = "Khachatryan, Vardan and others",
      title          = "{Pseudorapidity dependence of long-range two-particle
                        correlations in $p$Pb collisions at $\sqrt{s_{NN}}=5.02$
                        TeV}",
      collaboration  = "CMS",
      journal        = "Submitted to: Phys. Rev. C",
      year           = "2016",
      eprint         = "1604.05347",
      archivePrefix  = "arXiv",
      primaryClass   = "nucl-ex",
      reportNumber   = "CMS-HIN-14-008, CERN-EP-2016-042",
      SLACcitation   = "%%CITATION = ARXIV:1604.05347;%%"
}

@article{Adare:2014keg,
      author         = "Adare, A. and others",
      title          = "{Measurement of long-range angular correlation and
                        quadrupole anisotropy of pions and (anti)protons in
                        central $d$$+$Au collisions at $\sqrt{s_{_{NN}}}$=200
                        GeV}",
      collaboration  = "PHENIX",
      journal        = "Phys. Rev. Lett.",
      volume         = "114",
      year           = "2015",
      number         = "19",
      pages          = "192301",
      doi            = "10.1103/PhysRevLett.114.192301",
      eprint         = "1404.7461",
      archivePrefix  = "arXiv",
      primaryClass   = "nucl-ex",
      SLACcitation   = "%%CITATION = ARXIV:1404.7461;%%"
}

@article{Adare:2015cpn,
      author         = "Adare, A. and others",
      title          = "{Measurements of directed, elliptic, and triangular flow
                        in Cu$+$Au collisions at $\sqrt{s_{_{NN}}}=200$ GeV}",
      collaboration  = "PHENIX",
      year           = "2015",
      eprint         = "1509.07784",
      archivePrefix  = "arXiv",
      primaryClass   = "nucl-ex",
      SLACcitation   = "%%CITATION = ARXIV:1509.07784;%%"
}

@article{Adare:2015ctn,
      author         = "Adare, A. and others",
      title          = "{Measurements of elliptic and triangular flow in
                        high-multiplicity $^{3}$He$+$Au collisions at
                        $\sqrt{s_{_{NN}}}=200$ GeV}",
      collaboration  = "PHENIX",
      journal        = "Phys. Rev. Lett.",
      volume         = "115",
      year           = "2015",
      number         = "14",
      pages          = "142301",
      doi            = "10.1103/PhysRevLett.115.142301",
      eprint         = "1507.06273",
      archivePrefix  = "arXiv",
      primaryClass   = "nucl-ex",
      SLACcitation   = "%%CITATION = ARXIV:1507.06273;%%"
}

@article{Bozek:2015bha,
      author         = "Bozek, Piotr and Broniowski, Wojciech and Olszewski,
                        Adam",
      title          = "{Hydrodynamic modeling of pseudorapidity flow
                        correlations in relativistic heavy-ion collisions and the
                        torque effect}",
      journal        = "Phys. Rev.",
      volume         = "C91",
      year           = "2015",
      pages          = "054912",
      doi            = "10.1103/PhysRevC.91.054912",
      eprint         = "1503.07425",
      archivePrefix  = "arXiv",
      primaryClass   = "nucl-th",
      SLACcitation   = "%%CITATION = ARXIV:1503.07425;%%"
}

@article{Rybczynski:2013yba,
      author         = "Rybczynski, Maciej and Stefanek, Grzegorz and Broniowski,
                        Wojciech and Bozek, Piotr",
      title          = "{GLISSANDO 2 : GLauber Initial-State Simulation AND
                        mOre‚Ä¶, ver. 2}",
      journal        = "Comput. Phys. Commun.",
      volume         = "185",
      year           = "2014",
      pages          = "1759-1772",
      doi            = "10.1016/j.cpc.2014.02.016",
      eprint         = "1310.5475",
      archivePrefix  = "arXiv",
      primaryClass   = "nucl-th",
      SLACcitation   = "%%CITATION = ARXIV:1310.5475;%%"
}

@article{Broniowski:2015oif,
      author         = "Broniowski, Wojciech and Bo≈ºek, Piotr",
      title          = "{Simple model for rapidity fluctuations in the initial
                        state of ultrarelativistic heavy-ion collisions}",
      journal        = "Phys. Rev.",
      volume         = "C93",
      year           = "2016",
      number         = "6",
      pages          = "064910",
      doi            = "10.1103/PhysRevC.93.064910",
      eprint         = "1512.01945",
      archivePrefix  = "arXiv",
      primaryClass   = "nucl-th",
      SLACcitation   = "%%CITATION = ARXIV:1512.01945;%%"
}

@article{Zhang:1999bd,
      author         = "Zhang, Bin and Ko, C. M. and Li, Bao-An and Lin, Zi-Wei",
      title          = "{A multiphase transport model for nuclear collisions at
                        RHIC}",
      journal        = "Phys. Rev.",
      volume         = "C61",
      year           = "2000",
      pages          = "067901",
      doi            = "10.1103/PhysRevC.61.067901",
      eprint         = "nucl-th/9907017",
      archivePrefix  = "arXiv",
      primaryClass   = "nucl-th",
      SLACcitation   = "%%CITATION = NUCL-TH/9907017;%%"
}

@article{Werner:2010aa,
      author         = "Werner, K. and Karpenko, Iu. and Pierog, T. and Bleicher,
                        M. and Mikhailov, K.",
      title          = "{Event-by-Event Simulation of the Three-Dimensional
                        Hydrodynamic Evolution from Flux Tube Initial Conditions
                        in Ultrarelativistic Heavy Ion Collisions}",
      journal        = "Phys. Rev.",
      volume         = "C82",
      year           = "2010",
      pages          = "044904",
      doi            = "10.1103/PhysRevC.82.044904",
      eprint         = "1004.0805",
      archivePrefix  = "arXiv",
      primaryClass   = "nucl-th",
      SLACcitation   = "%%CITATION = ARXIV:1004.0805;%%"
}

@article{Schenke:2016ksl,
      author         = "Schenke, Bjoern and Schlichting, Soeren",
      title          = "{3-D Glasma initial state for relativistic heavy ion
                        collisions}",
      year           = "2016",
      eprint         = "1605.07158",
      archivePrefix  = "arXiv",
      primaryClass   = "hep-ph",
      SLACcitation   = "%%CITATION = ARXIV:1605.07158;%%"
}


@article{Sangaline:2015isa,
      author         = "Sangaline, Evan and Pratt, Scott",
      title          = "{Toward a deeper understanding of how experiments
                        constrain the underlying physics of heavy-ion collisions}",
      journal        = "Phys. Rev.",
      volume         = "C93",
      year           = "2016",
      number         = "2",
      pages          = "024908",
      doi            = "10.1103/PhysRevC.93.024908",
      eprint         = "1508.07017",
      archivePrefix  = "arXiv",
      primaryClass   = "nucl-th",
      SLACcitation   = "%%CITATION = ARXIV:1508.07017;%%"
}

@article{OHagan:2006ba,
      author         = "O‚ÄôHagan, Anthony",
      title          = "{Bayesian analysis of computer code outputs: a tutorial}",
      journal        = "Rel.Engin.Sys.Safety",
      volume         = "91",
      number         = "10‚Äì11",
      pages          = "1290-1300",
      year           = "2006",
      doi            = "10.1016/j.ress.2005.11.025",
}

@article{Higdon:2014tva,
      author         = "Higdon, Dave and McDonnell, Jordan D. and Schunck,
                        Nicolas and Sarich, Jason and Wild, Stefan M",
      title          = "{A Bayesian Approach for Parameter Estimation and
                        Prediction using a Computationally Intensive Model}",
      journal        = "J.Phys.",
      number         = "3",
      volume         = "G42",
      pages          = "034009",
      doi            = "10.1088/0954-3899/42/3/034009",
      year           = "2015",
      eprint         = "1407.3017",
      archivePrefix  = "arXiv",
      primaryClass   = "physics.data-an",
      SLACcitation   = "%%CITATION = ARXIV:1407.3017;%%",
}
@article{Abelev:2014mda,
      author         = "Abelev, Betty Bezverkhny and others",
      title          = "{Multiparticle azimuthal correlations in p-Pb and Pb-Pb
                        collisions at the CERN Large Hadron Collider}",
      collaboration  = "ALICE",
      journal        = "Phys. Rev.",
      volume         = "C90",
      year           = "2014",
      number         = "5",
      pages          = "054901",
      doi            = "10.1103/PhysRevC.90.054901",
      eprint         = "1406.2474",
      archivePrefix  = "arXiv",
      primaryClass   = "nucl-ex",
      reportNumber   = "CERN-PH-EP-2014-105",
      SLACcitation   = "%%CITATION = ARXIV:1406.2474;%%"
}
@article{Adam:2016izf,
      author         = "Adam, Jaroslav and others",
      title          = "{Anisotropic flow of charged particles in Pb-Pb
                        collisions at $\sqrt{s_{NN}}=5.02$ TeV}",
      collaboration  = "ALICE",
      journal        = "Phys. Rev. Lett.",
      volume         = "116",
      year           = "2016",
      number         = "13",
      pages          = "132302",
      doi            = "10.1103/PhysRevLett.116.132302",
      eprint         = "1602.01119",
      archivePrefix  = "arXiv",
      primaryClass   = "nucl-ex",
      reportNumber   = "CERN-EP-2016-018",
      SLACcitation   = "%%CITATION = ARXIV:1602.01119;%%"
}


@article{Bozek:2010bi,
      author         = "Bozek, Piotr and Wyskiel, Iwona",
      title          = "{Directed flow in ultrarelativistic heavy-ion
                        collisions}",
      journal        = "Phys. Rev.",
      volume         = "C81",
      year           = "2010",
      pages          = "054902",
      doi            = "10.1103/PhysRevC.81.054902",
      eprint         = "1002.4999",
      archivePrefix  = "arXiv",
      primaryClass   = "nucl-th",
      SLACcitation   = "%%CITATION = ARXIV:1002.4999;%%"
}

@article{Wang:1991hta,
      author         = "Wang, Xin-Nian and Gyulassy, Miklos",
      title          = "{HIJING: A Monte Carlo model for multiple jet production
                        in p p, p A and A A collisions}",
      journal        = "Phys. Rev.",
      volume         = "D44",
      year           = "1991",
      pages          = "3501-3516",
      doi            = "10.1103/PhysRevD.44.3501",
      reportNumber   = "LBL-31036",
      SLACcitation   = "%%CITATION = PHRVA,D44,3501;%%"
}

@book{rasmussen2006gaussian,
  title={Gaussian Processes for Machine Learning},
  author={Rasmussen, C.E. and Williams, C.K.I.},
  isbn={9780262182539},
  lccn={2005053433},
  series={Adaptative computation and machine learning series},
  url={https://books.google.com/books?id=vWtwQgAACAAJ},
  year={2006},
  publisher={University Press Group Limited}
}

@article{Song:2008si,
      author         = "Song, Huichao and Heinz, Ulrich W.",
      title          = "{Multiplicity scaling in ideal and viscous
                        hydrodynamics}",
      journal        = "Phys. Rev.",
      volume         = "C78",
      year           = "2008",
      pages          = "024902",
      doi            = "10.1103/PhysRevC.78.024902",
      eprint         = "0805.1756",
      archivePrefix  = "arXiv",
      primaryClass   = "nucl-th",
      reportNumber   = "CERN-PH-TH-2008-100",
      SLACcitation   = "%%CITATION = ARXIV:0805.1756;%%"
}

@article{Bozek:2013uha,
      author         = "Bozek, Piotr and Broniowski, Wojciech",
      title          = "{Collective dynamics in high-energy proton-nucleus
                        collisions}",
      journal        = "Phys. Rev.",
      volume         = "C88",
      year           = "2013",
      number         = "1",
      pages          = "014903",
      doi            = "10.1103/PhysRevC.88.014903",
      eprint         = "1304.3044",
      archivePrefix  = "arXiv",
      primaryClass   = "nucl-th",
      SLACcitation   = "%%CITATION = ARXIV:1304.3044;%%"
}

@article{Shen:2015msa,
      author         = "Shen, Chun and Heinz, Ulrich",
      title          = "{The road to precision: Extraction of the specific shear
                        viscosity of the quark-gluon plasma}",
      year           = "2015",
      eprint         = "1507.01558",
      archivePrefix  = "arXiv",
      primaryClass   = "nucl-th",
      SLACcitation   = "%%CITATION = ARXIV:1507.01558;%%"
}

@article{Adam:2015lda,
      author         = "Adam, Jaroslav and others",
      title          = "{Direct photon production in Pb-Pb collisions at
                        $\sqrt{s_{NN}}$ = 2.76 TeV}",
      collaboration  = "ALICE",
      journal        = "Phys. Lett.",
      volume         = "B754",
      year           = "2016",
      pages          = "235-248",
      doi            = "10.1016/j.physletb.2016.01.020",
      eprint         = "1509.07324",
      archivePrefix  = "arXiv",
      primaryClass   = "nucl-ex",
      reportNumber   = "CERN-PH-EP-2015-254, ALICE-PUBLIC-2015-007",
      SLACcitation   = "%%CITATION = ARXIV:1509.07324;%%"
}

@article{Aamodt:2010pa,
      author         = "Aamodt, K and others",
      title          = "{Elliptic flow of charged particles in Pb-Pb collisions
                        at 2.76 TeV}",
      collaboration  = "ALICE",
      journal        = "Phys. Rev. Lett.",
      volume         = "105",
      year           = "2010",
      pages          = "252302",
      doi            = "10.1103/PhysRevLett.105.252302",
      eprint         = "1011.3914",
      archivePrefix  = "arXiv",
      primaryClass   = "nucl-ex",
      SLACcitation   = "%%CITATION = ARXIV:1011.3914;%%"
}

@article{Eskola:1999fc,
      author         = "Eskola, K. J. and Kajantie, K. and Ruuskanen, P. V. and
                        Tuominen, Kimmo",
      title          = "{Scaling of transverse energies and multiplicities with
                        atomic number and energy in ultrarelativistic nuclear
                        collisions}",
      journal        = "Nucl. Phys.",
      volume         = "B570",
      year           = "2000",
      pages          = "379-389",
      doi            = "10.1016/S0550-3213(99)00720-8",
      eprint         = "hep-ph/9909456",
      archivePrefix  = "arXiv",
      primaryClass   = "hep-ph",
      reportNumber   = "JYFL-8-99",
      SLACcitation   = "%%CITATION = HEP-PH/9909456;%%"
}

@article{ALICE:2015kda,
      author         = "Adam, Jaroslav and others",
      title          = "{Centrality evolution of the charged-particle
                        pseudorapidity density over a broad pseudorapidity range
                        in Pb-Pb collisions at $\sqrt{s_{NN}} =$ 2.76 TeV}",
      collaboration  = "ALICE",
      journal        = "Phys. Lett.",
      volume         = "B754",
      year           = "2016",
      pages          = "373-385",
      doi            = "10.1016/j.physletb.2015.12.082",
      eprint         = "1509.07299",
      archivePrefix  = "arXiv",
      primaryClass   = "nucl-ex",
      reportNumber   = "CERN-PH-EP-2015-257, ALICE-PUBLIC-2015-010",
      SLACcitation   = "%%CITATION = ARXIV:1509.07299;%%"
}

@article{Abelev:2013cva,
      author         = "Abelev, Betty and others",
      title          = "{Directed Flow of Charged Particles at Midrapidity
                        Relative to the Spectator Plane in Pb-Pb Collisions at
                        $\sqrt{s_{NN}}$=2.76 TeV}",
      collaboration  = "ALICE",
      journal        = "Phys. Rev. Lett.",
      volume         = "111",
      year           = "2013",
      number         = "23",
      pages          = "232302",
      doi            = "10.1103/PhysRevLett.111.232302",
      eprint         = "1306.4145",
      archivePrefix  = "arXiv",
      primaryClass   = "nucl-ex",
      reportNumber   = "CERN-PH-EP-2013-100",
      SLACcitation   = "%%CITATION = ARXIV:1306.4145;%%"
}

@article{ATLAS:2014eoa,
      author         = "Aad, Georges and others",
      title          = "{Measurement of the centrality and pseudorapidity
                        dependence of the integrated elliptic flow in lead-lead
                        collisions at $\sqrt{s_{NN}}=2.76$ TeV with the
                        ATLAS detector}",
      collaboration  = "ATLAS",
      journal        = "Eur. Phys. J.",
      volume         = "C74",
      year           = "2014",
      number         = "8",
      pages          = "2982",
      doi            = "10.1140/epjc/s10052-014-2982-4",
      eprint         = "1405.3936",
      archivePrefix  = "arXiv",
      primaryClass   = "hep-ex",
      reportNumber   = "CERN-PH-EP-2014-065",
      SLACcitation   = "%%CITATION = ARXIV:1405.3936;%%"
}

@article{CMS:2015waa,
      author         = "Khachatryan, Vardan and others",
      title          = "{Evidence for Collective Multiparticle Correlations in
                        p-Pb Collisions}",
      collaboration  = "CMS",
      journal        = "Phys. Rev. Lett.",
      volume         = "115",
      year           = "2015",
      number         = "1",
      pages          = "012301",
      doi            = "10.1103/PhysRevLett.115.012301",
      eprint         = "1502.05382",
      archivePrefix  = "arXiv",
      primaryClass   = "nucl-ex",
      reportNumber   = "CMS-HIN-14-006, CERN-PH-EP-2015-011",
      SLACcitation   = "%%CITATION = ARXIV:1502.05382;%%"
}

@article{ALICE:2014mda,
      author         = "Abelev, Betty Bezverkhny and others",
      title          = "{Multiparticle azimuthal correlations in p-Pb and Pb-Pb
                        collisions at the CERN Large Hadron Collider}",
      collaboration  = "ALICE",
      journal        = "Phys. Rev.",
      volume         = "C90",
      year           = "2014",
      number         = "5",
      pages          = "054901",
      doi            = "10.1103/PhysRevC.90.054901",
      eprint         = "1406.2474",
      archivePrefix  = "arXiv",
      primaryClass   = "nucl-ex",
      reportNumber   = "CERN-PH-EP-2014-105",
      SLACcitation   = "%%CITATION = ARXIV:1406.2474;%%"
}

@article{CMS:2015oea,
      author         = "Khachatryan, Vardan and others",
      title          = "{Evidence for transverse momentum and pseudorapidity
                        dependent event plane fluctuations in PbPb and pPb
                        collisions}",
      collaboration  = "CMS",
      journal        = "Phys. Rev.",
      volume         = "C92",
      year           = "2015",
      number         = "3",
      pages          = "034911",
      doi            = "10.1103/PhysRevC.92.034911",
      eprint         = "1503.01692",
      archivePrefix  = "arXiv",
      primaryClass   = "nucl-ex",
      reportNumber   = "CMS-HIN-14-012, CERN-PH-EP-2015-039",
      SLACcitation   = "%%CITATION = ARXIV:1503.01692;%%"
}

@article{Back:2004mr,
      author         = "Back, B. B. and others",
      title          = "{Scaling of charged particle production in d + Au
                        collisions at s(NN)**(1/2) = 200-GeV}",
      collaboration  = "PHOBOS",
      journal        = "Phys. Rev.",
      volume         = "C72",
      year           = "2005",
      pages          = "031901",
      doi            = "10.1103/PhysRevC.72.031901",
      eprint         = "nucl-ex/0409021",
      archivePrefix  = "arXiv",
      primaryClass   = "nucl-ex",
      SLACcitation   = "%%CITATION = NUCL-EX/0409021;%%"
}

@article{vanderSchee:2015rta,
      author         = "van der Schee, Wilke and Schenke, Bjoern",
      title          = "{Rapidity dependence in holographic heavy ion
                        collisions}",
      journal        = "Phys. Rev.",
      volume         = "C92",
      year           = "2015",
      number         = "6",
      pages          = "064907",
      doi            = "10.1103/PhysRevC.92.064907",
      eprint         = "1507.08195",
      archivePrefix  = "arXiv",
      primaryClass   = "nucl-th",
      SLACcitation   = "%%CITATION = ARXIV:1507.08195;%%"
}

@article{Bozek:2009ty,
      author         = "Bozek, Piotr and Wyskiel, Iwona",
      title          = "{Rapid hydrodynamic expansion in relativistic heavy-ion
                        collisions}",
      journal        = "Phys. Rev.",
      volume         = "C79",
      year           = "2009",
      pages          = "044916",
      doi            = "10.1103/PhysRevC.79.044916",
      eprint         = "0902.4121",
      archivePrefix  = "arXiv",
      primaryClass   = "nucl-th",
      SLACcitation   = "%%CITATION = ARXIV:0902.4121;%%"
}

@inproceedings{Denicol:2015bnf,
      author         = "Denicol, Gabriel and Monnai, Akihiko and Ryu, Sangwook
                        and Schenke, Bjoern",
      title          = "{New insights from 3D simulations of heavy ion
                        collisions}",
      booktitle      = "{25th International Conference on Ultra-Relativistic
                        Nucleus-Nucleus Collisions (Quark Matter 2015) Kobe,
                        Japan, September 27-October 3, 2015}",
      url            = "http://inspirehep.net/record/1411485/files/arXiv:1512.08231.pdf",
      year           = "2015",
      eprint         = "1512.08231",
      archivePrefix  = "arXiv",
      primaryClass   = "nucl-th",
      SLACcitation   = "%%CITATION = ARXIV:1512.08231;%%"
}

@article{McLerran:2015lta,
      author         = "McLerran, Larry and Praszalowicz, Michal",
      title          = "{Fluctuations and the Participant Number Dependence of pA
                        Collisions}",
      year           = "2015",
      eprint         = "1507.05976",
      archivePrefix  = "arXiv",
      primaryClass   = "hep-ph",
      SLACcitation   = "%%CITATION = ARXIV:1507.05976;%%"
}

@article{Bzdak:2013zma,
      author         = "Bzdak, Adam and Schenke, Bjoern and Tribedy, Prithwish
                        and Venugopalan, Raju",
      title          = "{Initial state geometry and the role of hydrodynamics in
                        proton-proton, proton-nucleus and deuteron-nucleus
                        collisions}",
      journal        = "Phys. Rev.",
      volume         = "C87",
      year           = "2013",
      number         = "6",
      pages          = "064906",
      doi            = "10.1103/PhysRevC.87.064906",
      eprint         = "1304.3403",
      archivePrefix  = "arXiv",
      primaryClass   = "nucl-th",
      SLACcitation   = "%%CITATION = ARXIV:1304.3403;%%"
}

@article{Bilandzic:2010jr,
      author         = "Bilandzic, Ante and Snellings, Raimond and Voloshin,
                        Sergei",
      title          = "{Flow analysis with cumulants: Direct calculations}",
      journal        = "Phys. Rev.",
      volume         = "C83",
      year           = "2011",
      pages          = "044913",
      doi            = "10.1103/PhysRevC.83.044913",
      eprint         = "1010.0233",
      archivePrefix  = "arXiv",
      primaryClass   = "nucl-ex",
      SLACcitation   = "%%CITATION = ARXIV:1010.0233;%%"
}

@inproceedings{Loizides:2016tew,
      author         = "Loizides, Constantin",
      title          = "{Experimental overview on small collision systems at the
                        LHC}",
      booktitle      = "{25th International Conference on Ultra-Relativistic
                        Nucleus-Nucleus Collisions (Quark Matter 2015) Kobe,
                        Japan, September 27-October 3, 2015}",
      url            = "http://inspirehep.net/record/1424892/files/arXiv:1602.09138.pdf",
      year           = "2016",
      eprint         = "1602.09138",
      archivePrefix  = "arXiv",
      primaryClass   = "nucl-ex",
      SLACcitation   = "%%CITATION = ARXIV:1602.09138;%%"
}

@article{Wesolowski:2015fqa,
      author         = "Wesolowski, S. and Klco, N. and Furnstahl, R. J. and
                        Phillips, D. R. and Thapaliya, A.",
      title          = "{Bayesian parameter estimation for effective field
                        theories}",
      year           = "2015",
      eprint         = "1511.03618",
      archivePrefix  = "arXiv",
      primaryClass   = "nucl-th",
      SLACcitation   = "%%CITATION = ARXIV:1511.03618;%%"
}


@article{Heinz:2013th,
      author         = "Heinz, Ulrich and Snellings, Raimond",
      title          = "{Collective flow and viscosity in relativistic heavy-ion
                        collisions}",
      journal        = "Ann. Rev. Nucl. Part. Sci.",
      volume         = "63",
      year           = "2013",
      pages          = "123-151",
      doi            = "10.1146/annurev-nucl-102212-170540",
      eprint         = "1301.2826",
      archivePrefix  = "arXiv",
      primaryClass   = "nucl-th",
      SLACcitation   = "%%CITATION = ARXIV:1301.2826;%%"
}

@article{Bazow:2016yra,
      author         = "Bazow, Dennis and Heinz, Ulrich W. and Strickland,
                        Michael",
      title          = "{Massively parallel simulations of relativistic fluid
                        dynamics on graphics processing units with CUDA}",
      year           = "2016",
      eprint         = "1608.06577",
      archivePrefix  = "arXiv",
      primaryClass   = "physics.comp-ph",
      SLACcitation   = "%%CITATION = ARXIV:1608.06577;%%"
}

@article{Adam:2015ptt,
      author         = "Adam, Jaroslav and others",
      title          = "{Centrality dependence of the charged-particle
                        multiplicity density at midrapidity in Pb-Pb collisions at
                        $\sqrt{s_{NN}}$ = 5.02 TeV}",
      collaboration  = "ALICE",
      journal        = "Phys. Rev. Lett.",
      volume         = "116",
      year           = "2016",
      number         = "22",
      pages          = "222302",
      doi            = "10.1103/PhysRevLett.116.222302",
      eprint         = "1512.06104",
      archivePrefix  = "arXiv",
      primaryClass   = "nucl-ex",
      reportNumber   = "CERN-PH-EP-2015-324, ALICE-PUBLIC-2015-008",
      SLACcitation   = "%%CITATION = ARXIV:1512.06104;%%"
}

@article{Sirunyan:2017isk,
      author         = "Sirunyan, Albert M and others",
      title          = "{Measurement of prompt and nonprompt charmonium
                        suppression in PbPb collisions at 5.02 TeV}",
      collaboration  = "CMS",
      journal        = "Eur. Phys. J.",
      volume         = "C78",
      year           = "2018",
      number         = "6",
      pages          = "509",
      doi            = "10.1140/epjc/s10052-018-5950-6",
      eprint         = "1712.08959",
      archivePrefix  = "arXiv",
      primaryClass   = "nucl-ex",
      reportNumber   = "CMS-HIN-16-025, CERN-EP-2017-308",
      SLACcitation   = "%%CITATION = ARXIV:1712.08959;%%"
}

@article{ATLAS:2015kla,
      author         = "The ATLAS collaboration",
      title          = "{Measurement of two-particle pseudorapidity correlations
                        in lead-lead collisions at $\sqrt{s_{NN}}$ = 2.76 TeV with
                        the ATLAS detector}",
      collaboration  = "ATLAS",
      year           = "2015",
      reportNumber   = "ATLAS-CONF-2015-020",
      SLACcitation   = "%%CITATION = ATLAS-CONF-2015-020;%%"
}

% REF-Hydro non-equilibirum attractor
@article{PhysRevLett.115.072501,
  title = {Hydrodynamics Beyond the Gradient Expansion: Resurgence and Resummation},
  author = {},
  journal = {Phys. Rev. Lett.},
  volume = {115},
  issue = {7},
  pages = {072501},
  numpages = {5},
  year = {2015},
  month = {Aug},
  publisher = {American Physical Society},
  doi = {10.1103/PhysRevLett.115.072501},
  url = {https://link.aps.org/doi/10.1103/PhysRevLett.115.072501}
}

@article{Romatschke:2017vte,
      author         = "Romatschke, Paul",
      title          = "{Relativistic Fluid Dynamics Far From Local Equilibrium}",
      journal        = "Phys. Rev. Lett.",
      volume         = "120",
      year           = "2018",
      number         = "1",
      pages          = "012301",
      doi            = "10.1103/PhysRevLett.120.012301",
      eprint         = "1704.08699",
      archivePrefix  = "arXiv",
      primaryClass   = "hep-th",
      SLACcitation   = "%%CITATION = ARXIV:1704.08699;%%"
}

@inproceedings{Strickland:2019jut,
      author         = "Strickland, Michael",
      title          = "{The non-equilibrium attractor: Beyond hydrodynamics}",
      booktitle      = "{25th Cracow Epiphany Conference on Advances in Heavy
                        Flavour Physics (Epiphany 2019) Cracow, Poland, January
                        8-11, 2019}",
      year           = "2019",
      eprint         = "1904.00413",
      archivePrefix  = "arXiv",
      primaryClass   = "hep-ph",
      SLACcitation   = "%%CITATION = ARXIV:1904.00413;%%"
}

% Fluctuating initial condition and higher order vn
@article{Alver:2010gr,
      author         = "Alver, B. and Roland, G.",
      title          = "{Collision geometry fluctuations and triangular flow in
                        heavy-ion collisions}",
      journal        = "Phys. Rev.",
      volume         = "C81",
      year           = "2010",
      pages          = "054905",
      doi            = "10.1103/PhysRevC.82.039903, 10.1103/PhysRevC.81.054905",
      note           = "[Erratum: Phys. Rev.C82,039903(2010)]",
      eprint         = "1003.0194",
      archivePrefix  = "arXiv",
      primaryClass   = "nucl-th",
      SLACcitation   = "%%CITATION = ARXIV:1003.0194;%%"
}

% EoS lattic + HRG
@article{Moreland:2015dvc,
      author         = "Moreland, J. Scott and Soltz, Ron A.",
      title          = "{Hydrodynamic simulations of relativistic heavy-ion
                        collisions with different lattice quantum chromodynamics
                        calculations of the equation of state}",
      journal        = "Phys. Rev.",
      volume         = "C93",
      year           = "2016",
      number         = "4",
      pages          = "044913",
      doi            = "10.1103/PhysRevC.93.044913",
      eprint         = "1512.02189",
      archivePrefix  = "arXiv",
      primaryClass   = "nucl-th",
      SLACcitation   = "%%CITATION = ARXIV:1512.02189;%%"
}

% JET Collaboration
@article{Burke:2013yra,
      author         = "Burke, Karen M. and others",
      title          = "{Extracting the jet transport coefficient from jet
                        quenching in high-energy heavy-ion collisions}",
      collaboration  = "JET",
      journal        = "Phys. Rev.",
      volume         = "C90",
      year           = "2014",
      number         = "1",
      pages          = "014909",
      doi            = "10.1103/PhysRevC.90.014909",
      eprint         = "1312.5003",
      archivePrefix  = "arXiv",
      primaryClass   = "nucl-th",
      reportNumber   = "NT-LBNL-13-011",
      SLACcitation   = "%%CITATION = ARXIV:1312.5003;%%"
}

% REF-Colorless probe
% Z boson
@article{Chatrchyan:2011ua,
      author         = "Chatrchyan, Serguei and others",
      title          = "{Study of Z boson production in PbPb collisions at
                        $\sqrt{s_{NN}}=2.76$ TeV}",
      collaboration  = "CMS",
      journal        = "Phys. Rev. Lett.",
      volume         = "106",
      year           = "2011",
      pages          = "212301",
      doi            = "10.1103/PhysRevLett.106.212301",
      eprint         = "1102.5435",
      archivePrefix  = "arXiv",
      primaryClass   = "nucl-ex",
      reportNumber   = "CERN-PH-EP-2011-003, CMS-HIN-10-003",
      SLACcitation   = "%%CITATION = ARXIV:1102.5435;%%"
}

@article{Aad:2012ew,
      author         = "Aad, Georges and others",
      title          = "{Measurement of Z boson Production in Pb+Pb Collisions
                        at $\sqrt{s_{NN}}=2.76$ TeV with the ATLAS Detector}",
      collaboration  = "ATLAS",
      journal        = "Phys. Rev. Lett.",
      volume         = "110",
      year           = "2013",
      number         = "2",
      pages          = "022301",
      doi            = "10.1103/PhysRevLett.110.022301",
      eprint         = "1210.6486",
      archivePrefix  = "arXiv",
      primaryClass   = "hep-ex",
      reportNumber   = "CERN-PH-EP-2012-223",
      SLACcitation   = "%%CITATION = ARXIV:1210.6486;%%"
}

@article{Aad:2015lcb,
      author         = "Aad, Georges and others",
      title          = "{Centrality, rapidity and transverse momentum dependence
                        of isolated prompt photon production in lead-lead
                        collisions at $\sqrt{s_{NN}}=2.76$ TeV measured
                        with the ATLAS detector}",
      collaboration  = "ATLAS",
      journal        = "Phys. Rev.",
      volume         = "C93",
      year           = "2016",
      number         = "3",
      pages          = "034914",
      doi            = "10.1103/PhysRevC.93.034914",
      eprint         = "1506.08552",
      archivePrefix  = "arXiv",
      primaryClass   = "hep-ex",
      reportNumber   = "CERN-PH-EP-2015-142",
      SLACcitation   = "%%CITATION = ARXIV:1506.08552;%%"
}

@article{Afanasiev:2012dg,
      author         = "Afanasiev, S. and others",
      title          = "{Measurement of Direct Photons in Au+Au Collisions at
                        $\sqrt{s_{NN}}=200$ GeV}",
      collaboration  = "PHENIX",
      journal        = "Phys. Rev. Lett.",
      volume         = "109",
      year           = "2012",
      pages          = "152302",
      doi            = "10.1103/PhysRevLett.109.152302",
      eprint         = "1205.5759",
      archivePrefix  = "arXiv",
      primaryClass   = "nucl-ex",
      SLACcitation   = "%%CITATION = ARXIV:1205.5759;%%"
}

@article{ATLAS:2017zkv,
      author         = "The ATLAS collaboration",
      title          = "{$Z$ boson production in Pb+Pb collisions at
                        $\sqrt{s_{NN}}= 5.02$ TeV with the ATLAS detector at the
                        LHC}",
      collaboration  = "ATLAS",
      year           = "2017",
      reportNumber   = "ATLAS-CONF-2017-010",
      SLACcitation   = "%%CITATION = ATLAS-CONF-2017-010;%%"
}



% PHENIX
@article{Adare:2008qa,
      author         = "Adare, A. and others",
      title          = "{Suppression pattern of neutral pions at high transverse
                        momentum in Au+Au collisions at ${s_{NN}}^{1/2} = 200$ GeV
                        and constraints on medium transport coefficients}",
      collaboration  = "PHENIX",
      journal        = "Phys. Rev. Lett.",
      volume         = "101",
      year           = "2008",
      pages          = "232301",
      doi            = "10.1103/PhysRevLett.101.232301",
      eprint         = "0801.4020",
      archivePrefix  = "arXiv",
      primaryClass   = "nucl-ex",
      SLACcitation   = "%%CITATION = ARXIV:0801.4020;%%"
}

% Use Top to probe time sctructure
@article{Apolinario:2017sob,
      author         = "Apolin√°rio, Liliana and Milhano, Jos√© Guilherme and
                        Salam, Gavin P. and Salgado, Carlos A.",
      title          = "{Probing the time structure of the quark-gluon plasma
                        with top quarks}",
      journal        = "Phys. Rev. Lett.",
      volume         = "120",
      year           = "2018",
      number         = "23",
      pages          = "232301",
      doi            = "10.1103/PhysRevLett.120.232301",
      eprint         = "1711.03105",
      archivePrefix  = "arXiv",
      primaryClass   = "hep-ph",
      reportNumber   = "CERN-TH-2017-237",
      SLACcitation   = "%%CITATION = ARXIV:1711.03105;%%"
}

% Thermal production of charm
@article{Zhou:2016wbo,
      author         = "Zhou, Kai and Chen, Zhengyu and Greiner, Carsten and
                        Zhuang, Pengfei",
      title          = "{Thermal Charm and Charmonium Production in Quark Gluon
                        Plasma}",
      journal        = "Phys. Lett.",
      volume         = "B758",
      year           = "2016",
      pages          = "434-439",
      doi            = "10.1016/j.physletb.2016.05.051",
      eprint         = "1602.01667",
      archivePrefix  = "arXiv",
      primaryClass   = "hep-ph",
      SLACcitation   = "%%CITATION = ARXIV:1602.01667;%%"
}

@article{ISRAEL1976310,
title = "Nonstationary irreversible thermodynamics: A causal relativistic theory",
journal = "Annals of Physics",
volume = "100",
number = "1",
pages = "310 - 331",
year = "1976",
issn = "0003-4916",
doi = "https://doi.org/10.1016/0003-4916(76)90064-6",
url = "http://www.sciencedirect.com/science/article/pii/0003491676900646",
author = "Werner Israel"
}

@article{PhysRevD.10.186,
  title = {Single-particle distribution in the hydrodynamic and statistical thermodynamic models of multiparticle production},
  author = {Cooper, Fred and Frye, Graham},
  journal = {Phys. Rev. D},
  volume = {10},
  issue = {1},
  pages = {186--189},
  numpages = {0},
  year = {1974},
  month = {Jul},
  publisher = {American Physical Society},
  doi = {10.1103/PhysRevD.10.186},
  url = {https://link.aps.org/doi/10.1103/PhysRevD.10.186}
}

@article{PhysRevC.99.054911,
  title = {Interplaying mechanisms behind single inclusive jet suppression in heavy-ion collisions},
  author = {He, Yayun and Cao, Shanshan and Chen, Wei and Luo, Tan and Pang, Long-Gang and Wang, Xin-Nian},
  journal = {Phys. Rev. C},
  volume = {99},
  issue = {5},
  pages = {054911},
  numpages = {20},
  year = {2019},
  month = {May},
  publisher = {American Physical Society},
  doi = {10.1103/PhysRevC.99.054911},
  url = {https://link.aps.org/doi/10.1103/PhysRevC.99.054911}
}

@article{Abelev:2012hxa,
      author         = "Abelev, Betty and others",
      title          = "{Centrality Dependence of Charged Particle Production at
                        Large Transverse Momentum in Pb--Pb Collisions at
                        $\sqrt{s_{NN}} = 2.76$ TeV}",
      collaboration  = "ALICE",
      journal        = "Phys. Lett.",
      volume         = "B720",
      year           = "2013",
      pages          = "52-62",
      doi            = "10.1016/j.physletb.2013.01.051",
      eprint         = "1208.2711",
      archivePrefix  = "arXiv",
      primaryClass   = "hep-ex",
      reportNumber   = "CERN-PH-EP-2012-233",
      SLACcitation   = "%%CITATION = ARXIV:1208.2711;%%"
}

@article{Adler:2003cb,
      author         = "Adler, S. S. and others",
      title          = "{Identified charged particle spectra and yields in Au+Au
                        collisions at $S_{NN}^{1/2} = 200$ GeV}",
      collaboration  = "PHENIX",
      journal        = "Phys. Rev.",
      volume         = "C69",
      year           = "2004",
      pages          = "034909",
      doi            = "10.1103/PhysRevC.69.034909",
      eprint         = "nucl-ex/0307022",
      archivePrefix  = "arXiv",
      primaryClass   = "nucl-ex",
      SLACcitation   = "%%CITATION = NUCL-EX/0307022;%%"
}
@article{PhysRevLett.94.032301,
  title = "{Centrality Dependence of Charged-Particle Pseudorapidity Distributions from $d+$Au Collisions at $\sqrt{s_{NN}}$=200 GeV}",
  author = {Arsene, I. and others},
  collaboration = {BRAHMS Collaboration},
  journal = {Phys. Rev. Lett.},
  volume = {94},
  issue = {3},
  pages = {032301},
  numpages = {5},
  year = {2005},
  month = {Jan},
  publisher = {American Physical Society},
  doi = {10.1103/PhysRevLett.94.032301},
  url = {https://link.aps.org/doi/10.1103/PhysRevLett.94.032301}
}

% LHS
@article{MORRIS1995381,
	title = "Exploratory designs for computational experiments",
	journal = "Journal of Statistical Planning and Inference",
	volume = "43",
	number = "3",
	pages = "381 - 402",
	year = "1995",
	issn = "0378-3758",
	doi = "https://doi.org/10.1016/0378-3758(94)00035-T",
	url = "http://www.sciencedirect.com/science/article/pii/037837589400035T",
	author = "Max D. Morris and Toby J. Mitchell",
	keywords = "Bayesian prediction, Computer experiment, Computer model, Interpolation, Latin hypercube design, Random functions"
}

% R LHS

@Misc{lhs-r,
author =   {Rob Carnell},
title =    {lhs: Latin Hypercube Samples},
url = {https://cran.r-project.org/web/packages/lhs/index.html},
}

% SKLEARN
@inproceedings{sklearn_api,
  author    = {Lars Buitinck and Gilles Louppe and Mathieu Blondel and
               Fabian Pedregosa and Andreas Mueller and Olivier Grisel and
               Vlad Niculae and Peter Prettenhofer and Alexandre Gramfort
               and Jaques Grobler and Robert Layton and Jake VanderPlas and
               Arnaud Joly and Brian Holt and Ga\"el Varoquaux},
  title     = {{API} design for machine learning software: experiences from the scikit-learn project},
  booktitle = {ECML PKDD Workshop: Languages for Data Mining and Machine Learning},
  year      = {2013},
  pages = {108--122},
}
